timestamp,symbol,price,size,side
1766219350442,BTC-USDT,88360.2,0,buy
1766219350335,BTC-USDT,88360.1,0,sell
1766219350193,BTC-USDT,88360.1,0,sell
1766219350025,BTC-USDT,88360.2,0,buy
1766219349985,BTC-USDT,88360.2,0,buy
1766219349920,BTC-USDT,88360.2,0,buy
1766219349643,BTC-USDT,88360.2,0,buy
1766219349605,BTC-USDT,88360.2,0,buy
1766219349484,BTC-USDT,88360.2,0,buy
1766219349433,BTC-USDT,88360.2,0,buy
1766219349343,BTC-USDT,88360.1,0,sell
1766219349166,BTC-USDT,88360.2,0,buy
1766219349076,BTC-USDT,88360.1,0,sell
1766219349013,BTC-USDT,88360.2,0,buy
1766219348916,BTC-USDT,88360.1,0,sell
1766219348746,BTC-USDT,88360.2,0,buy
1766219348663,BTC-USDT,88360.1,0,sell
1766219348384,BTC-USDT,88360.1,0,sell
1766219348332,BTC-USDT,88360.2,0,buy
1766219348246,BTC-USDT,88360.1,0,sell
1766219348172,BTC-USDT,88360.1,0,sell
1766219348123,BTC-USDT,88360.2,0,buy
1766219347922,BTC-USDT,88360.2,0,buy
1766219347901,BTC-USDT,88360.2,0,buy
1766219347617,BTC-USDT,88360.1,0,sell
1766219347481,BTC-USDT,88360.2,0,buy
1766219347188,BTC-USDT,88360.2,0,buy
1766219347127,BTC-USDT,88360.1,0,sell
1766219347048,BTC-USDT,88360.2,0,buy
1766219346873,BTC-USDT,88360.1,0,sell
1766219346843,BTC-USDT,88360.1,0,sell
1766219346766,BTC-USDT,88360.2,0,buy
1766219346456,BTC-USDT,88360.1,0,sell
1766219346415,BTC-USDT,88360.2,0,buy
1766219345989,BTC-USDT,88360.2,0,buy
1766219345934,BTC-USDT,88360.1,0,sell
1766219345880,BTC-USDT,88360.2,0,buy
1766219345778,BTC-USDT,88360.1,0,sell
1766219345773,BTC-USDT,88360.2,0,buy
1766219345575,BTC-USDT,88360.2,0,buy
1766219345571,BTC-USDT,88360.2,0,buy
1766219345462,BTC-USDT,88360.2,0,buy
1766219345361,BTC-USDT,88360.1,0,sell
1766219345166,BTC-USDT,88360.2,0,buy
1766219345041,BTC-USDT,88360.1,0,sell
1766219344951,BTC-USDT,88360.1,0,sell
1766219344932,BTC-USDT,88360.1,0,sell
1766219344749,BTC-USDT,88360.1,0,sell
1766219344615,BTC-USDT,88360.2,0,buy
1766219344545,BTC-USDT,88360.1,0,sell
1766219344532,BTC-USDT,88360.2,0,buy
1766219344406,BTC-USDT,88360.1,0,sell
1766219344129,BTC-USDT,88360.2,0,buy
1766219344096,BTC-USDT,88360.1,0,sell
1766219343921,BTC-USDT,88360.1,0,sell
1766219343909,BTC-USDT,88360.2,0,buy
1766219343884,BTC-USDT,88360.2,0,buy
1766219343559,BTC-USDT,88360.2,0,buy
1766219343490,BTC-USDT,88360.1,0,sell
1766219343460,BTC-USDT,88360.1,0,sell
1766219343347,BTC-USDT,88360.2,0,buy
1766219343248,BTC-USDT,88360.2,0,buy
1766219343027,BTC-USDT,88360.1,0,sell
1766219342929,BTC-USDT,88360.2,0,buy
1766219342836,BTC-USDT,88360.2,0,buy
1766219342813,BTC-USDT,88360.1,0,sell
1766219342601,BTC-USDT,88360.1,0,sell
1766219342600,BTC-USDT,88360.2,0,buy
1766219342430,BTC-USDT,88360.2,0,buy
1766219342395,BTC-USDT,88360.2,0,buy
1766219342072,BTC-USDT,88360.2,0,buy
1766219342025,BTC-USDT,88360.1,0,sell
1766219341978,BTC-USDT,88360.2,0,buy
1766219341863,BTC-USDT,88360.1,0,sell
1766219341653,BTC-USDT,88360.2,0,buy
1766219341597,BTC-USDT,88360.2,0,buy
1766219341550,BTC-USDT,88360.2,0,buy
1766219341449,BTC-USDT,88360.2,0,buy
1766219341397,BTC-USDT,88360.1,0,sell
1766219341347,BTC-USDT,88360.2,0,buy
1766219341137,BTC-USDT,88360.1,0,sell
1766219341005,BTC-USDT,88360.1,0,sell
1766219340969,BTC-USDT,88360.2,0,buy
1766219340588,BTC-USDT,88360.2,0,buy
1766219340542,BTC-USDT,88360.2,0,buy
1766219340227,BTC-USDT,88360.1,0,sell
1766219340171,BTC-USDT,88360.1,0,sell
1766219340131,BTC-USDT,88360.1,0,sell
1766219339920,BTC-USDT,88360.2,0,buy
1766219339815,BTC-USDT,88360.1,0,sell
1766219339794,BTC-USDT,88360.1,0,sell
1766219339616,BTC-USDT,88360.1,0,sell
1766219339606,BTC-USDT,88360.1,0,sell
1766219339550,BTC-USDT,88360.2,0,buy
1766219339448,BTC-USDT,88360.1,0,sell
1766219339398,BTC-USDT,88360.2,0,buy
1766219339214,BTC-USDT,88360.1,0,sell
1766219339186,BTC-USDT,88360.2,0,buy
1766219339133,BTC-USDT,88360.1,0,sell
1766219339036,BTC-USDT,88360.1,0,sell
1766219339013,BTC-USDT,88360.2,0,buy
1766219338923,BTC-USDT,88360.2,0,buy
1766219338763,BTC-USDT,88360.2,0,buy
1766219338621,BTC-USDT,88360.2,0,buy
1766219338605,BTC-USDT,88360.2,0,buy
1766219338561,BTC-USDT,88360.1,0,sell
1766219338508,BTC-USDT,88360.1,0,sell
1766219338301,BTC-USDT,88360.2,0,buy
1766219338192,BTC-USDT,88360.1,0,sell
1766219338190,BTC-USDT,88360.2,0,buy
1766219338143,BTC-USDT,88360.2,0,buy
1766219337981,BTC-USDT,88360.1,0,sell
1766219337976,BTC-USDT,88360.2,0,buy
1766219337885,BTC-USDT,88360.2,0,buy
1766219337682,BTC-USDT,88360.1,0,sell
1766219337557,BTC-USDT,88360.1,0,sell
1766219337369,BTC-USDT,88360.1,0,sell
1766219337255,BTC-USDT,88360.2,0,buy
1766219337235,BTC-USDT,88360.1,0,sell
1766219336929,BTC-USDT,88360.2,0,buy
1766219336816,BTC-USDT,88360.1,0,sell
1766219336815,BTC-USDT,88360.2,0,buy
1766219336739,BTC-USDT,88360.2,0,buy
1766219336537,BTC-USDT,88360.2,0,buy
1766219336393,BTC-USDT,88360.1,0,sell
1766219336392,BTC-USDT,88360.2,0,buy
1766219336187,BTC-USDT,88360.1,0,sell
1766219336130,BTC-USDT,88360.2,0,buy
1766219335974,BTC-USDT,88360.2,0,buy
1766219335775,BTC-USDT,88360.1,0,sell
1766219335551,BTC-USDT,88360.1,0,sell
1766219335146,BTC-USDT,88360.2,0,buy
1766219335125,BTC-USDT,88360.2,0,buy
1766219335007,BTC-USDT,88360.1,0,sell
1766219334944,BTC-USDT,88360.2,0,buy
1766219334915,BTC-USDT,88360.1,0,sell
1766219334593,BTC-USDT,88360.1,0,sell
1766219334526,BTC-USDT,88360.2,0,buy
1766219334384,BTC-USDT,88360.2,0,buy
1766219334318,BTC-USDT,88360.1,0,sell
1766219334222,BTC-USDT,88360.2,0,buy
1766219334114,BTC-USDT,88360.2,0,buy
1766219333978,BTC-USDT,88360.2,0,buy
1766219333974,BTC-USDT,88360.1,0,sell
1766219333910,BTC-USDT,88360.2,0,buy
1766219333594,BTC-USDT,88360.2,0,buy
1766219333358,BTC-USDT,88360.1,0,sell
1766219333348,BTC-USDT,88360.2,0,buy
1766219333179,BTC-USDT,88360.1,0,sell
1766219333150,BTC-USDT,88360.1,0,sell
1766219333079,BTC-USDT,88360.2,0,buy
1766219332933,BTC-USDT,88360.1,0,sell
1766219332764,BTC-USDT,88360.1,0,sell
1766219332731,BTC-USDT,88360.1,0,sell
1766219332631,BTC-USDT,88360.1,0,sell
1766219332557,BTC-USDT,88360.1,0,sell
1766219332556,BTC-USDT,88360.2,0,buy
1766219332350,BTC-USDT,88360.1,0,sell
1766219332307,BTC-USDT,88360.2,0,buy
1766219332215,BTC-USDT,88360.2,0,buy
1766219332140,BTC-USDT,88360.1,0,sell
1766219331932,BTC-USDT,88360.2,0,buy
1766219331890,BTC-USDT,88360.1,0,sell
1766219331888,BTC-USDT,88360.1,0,sell
1766219331797,BTC-USDT,88360.2,0,buy
1766219331457,BTC-USDT,88360.1,0,sell
1766219331365,BTC-USDT,88360.2,0,buy
1766219331164,BTC-USDT,88360.1,0,sell
1766219331135,BTC-USDT,88360.1,0,sell
1766219331099,BTC-USDT,88360.2,0,buy
1766219331037,BTC-USDT,88360.2,0,buy
1766219330919,BTC-USDT,88360.2,0,buy
1766219330764,BTC-USDT,88360.1,0,sell
1766219330613,BTC-USDT,88360.2,0,buy
1766219330466,BTC-USDT,88360.1,0,sell
1766219330360,BTC-USDT,88360.1,0,sell
1766219330190,BTC-USDT,88360.2,0,buy
1766219330132,BTC-USDT,88360.2,0,buy
1766219330043,BTC-USDT,88360.1,0,sell
1766219329918,BTC-USDT,88360.2,0,buy
1766219329772,BTC-USDT,88360.1,0,sell
1766219329611,BTC-USDT,88360.2,0,buy
1766219329558,BTC-USDT,88360.2,0,buy
1766219329190,BTC-USDT,88360.1,0,sell
1766219329187,BTC-USDT,88360.2,0,buy
1766219328976,BTC-USDT,88360.1,0,sell
1766219328811,BTC-USDT,88360.1,0,sell
1766219328771,BTC-USDT,88360.1,0,sell
1766219328554,BTC-USDT,88360.2,0,buy
1766219328493,BTC-USDT,88360.2,0,buy
1766219328393,BTC-USDT,88360.1,0,sell
1766219328280,BTC-USDT,88360.1,0,sell
1766219328168,BTC-USDT,88360.1,0,sell
1766219328128,BTC-USDT,88360.2,0,buy
1766219328068,BTC-USDT,88360.1,0,sell
1766219327968,BTC-USDT,88360.1,0,sell
1766219327766,BTC-USDT,88360.1,0,sell
1766219327760,BTC-USDT,88360.1,0,sell
1766219327640,BTC-USDT,88360.1,0,sell
1766219327543,BTC-USDT,88360.1,0,sell
1766219327279,BTC-USDT,88360.1,0,sell
1766219327147,BTC-USDT,88360.2,0,buy
1766219327008,BTC-USDT,88360.1,0,sell
1766219326907,BTC-USDT,88360.2,0,buy
1766219326854,BTC-USDT,88360.2,0,buy
1766219326739,BTC-USDT,88360.1,0,sell
1766219326434,BTC-USDT,88360.2,0,buy
1766219326327,BTC-USDT,88360.1,0,sell
1766219326226,BTC-USDT,88360.2,0,buy
1766219326156,BTC-USDT,88360.1,0,sell
1766219325931,BTC-USDT,88360.2,0,buy
1766219325817,BTC-USDT,88360.2,0,buy
1766219325747,BTC-USDT,88360.1,0,sell
1766219325625,BTC-USDT,88360.1,0,sell
1766219325607,BTC-USDT,88360.1,0,sell
1766219325505,BTC-USDT,88360.1,0,sell
1766219325420,BTC-USDT,88360.2,0,buy
1766219325119,BTC-USDT,88360.2,0,buy
1766219325068,BTC-USDT,88360.2,0,buy
1766219325012,BTC-USDT,88360.1,0,sell
1766219324650,BTC-USDT,88360.1,0,sell
1766219324553,BTC-USDT,88360.1,0,sell
1766219324344,BTC-USDT,88360.1,0,sell
1766219324226,BTC-USDT,88360.2,0,buy
1766219324170,BTC-USDT,88360.1,0,sell
1766219324013,BTC-USDT,88360.2,0,buy
1766219323965,BTC-USDT,88360.1,0,sell
1766219323920,BTC-USDT,88360.1,0,sell
1766219323809,BTC-USDT,88360.2,0,buy
1766219323602,BTC-USDT,88360.1,0,sell
1766219323597,BTC-USDT,88360.2,0,buy
1766219323530,BTC-USDT,88360.2,0,buy
1766219323191,BTC-USDT,88360.1,0,sell
1766219323122,BTC-USDT,88360.2,0,buy
1766219322783,BTC-USDT,88360.2,0,buy
1766219322775,BTC-USDT,88360.1,0,sell
1766219322758,BTC-USDT,88360.1,0,sell
1766219322364,BTC-USDT,88360.2,0,buy
1766219322342,BTC-USDT,88360.1,0,sell
1766219322156,BTC-USDT,88360.1,0,sell
1766219322039,BTC-USDT,88360.2,0,buy
1766219321994,BTC-USDT,88360.2,0,buy
1766219321919,BTC-USDT,88360.2,0,buy
1766219321820,BTC-USDT,88360.2,0,buy
1766219321628,BTC-USDT,88360.2,0,buy
1766219321403,BTC-USDT,88360.1,0,sell
1766219321339,BTC-USDT,88360.1,0,sell
1766219321234,BTC-USDT,88360.1,0,sell
1766219320994,BTC-USDT,88360.2,0,buy
1766219320907,BTC-USDT,88360.2,0,buy
1766219320808,BTC-USDT,88360.2,0,buy
1766219320714,BTC-USDT,88360.1,0,sell
1766219320582,BTC-USDT,88360.1,0,sell
1766219320509,BTC-USDT,88360.2,0,buy
1766219320194,BTC-USDT,88360.1,0,sell
1766219320160,BTC-USDT,88360.2,0,buy
1766219320108,BTC-USDT,88360.1,0,sell
1766219319948,BTC-USDT,88360.2,0,buy
1766219319909,BTC-USDT,88360.1,0,sell
1766219319567,BTC-USDT,88360.1,0,sell
1766219319536,BTC-USDT,88360.2,0,buy
1766219319357,BTC-USDT,88360.1,0,sell
1766219319192,BTC-USDT,88360.1,0,sell
1766219318951,BTC-USDT,88360.1,0,sell
1766219318912,BTC-USDT,88360.1,0,sell
1766219318901,BTC-USDT,88360.2,0,buy
1766219318771,BTC-USDT,88360.2,0,buy
1766219318690,BTC-USDT,88360.2,0,buy
1766219318529,BTC-USDT,88360.1,0,sell
1766219318431,BTC-USDT,88360.1,0,sell
1766219318345,BTC-USDT,88360.2,0,buy
1766219318274,BTC-USDT,88360.2,0,buy
1766219318214,BTC-USDT,88360.1,0,sell
1766219318135,BTC-USDT,88360.1,0,sell
1766219318108,BTC-USDT,88360.1,0,sell
1766219318000,BTC-USDT,88360.1,0,sell
1766219317910,BTC-USDT,88360.1,0,sell
1766219317856,BTC-USDT,88360.1,0,sell
1766219317643,BTC-USDT,88360.2,0,buy
1766219317520,BTC-USDT,88360.2,0,buy
1766219317414,BTC-USDT,88360.2,0,buy
1766219317380,BTC-USDT,88360.2,0,buy
1766219317142,BTC-USDT,88360.2,0,buy
1766219317107,BTC-USDT,88360.2,0,buy
1766219317014,BTC-USDT,88360.2,0,buy
1766219316908,BTC-USDT,88360.1,0,sell
1766219316724,BTC-USDT,88360.2,0,buy
1766219316602,BTC-USDT,88360.2,0,buy
1766219316552,BTC-USDT,88360.2,0,buy
1766219316236,BTC-USDT,88360.2,0,buy
1766219316183,BTC-USDT,88360.1,0,sell
1766219316133,BTC-USDT,88360.1,0,sell
1766219315828,BTC-USDT,88360.1,0,sell
1766219315625,BTC-USDT,88360.2,0,buy
1766219315423,BTC-USDT,88360.2,0,buy
1766219315388,BTC-USDT,88360.1,0,sell
1766219315342,BTC-USDT,88360.2,0,buy
1766219315253,BTC-USDT,88360.2,0,buy
1766219315198,BTC-USDT,88360.2,0,buy
1766219315129,BTC-USDT,88360.1,0,sell
1766219314994,BTC-USDT,88360.1,0,sell
1766219314833,BTC-USDT,88360.2,0,buy
1766219314783,BTC-USDT,88360.1,0,sell
1766219314749,BTC-USDT,88360.1,0,sell
1766219314416,BTC-USDT,88360.2,0,buy
1766219314376,BTC-USDT,88360.1,0,sell
1766219314327,BTC-USDT,88360.1,0,sell
1766219314076,BTC-USDT,88360.2,0,buy
1766219314001,BTC-USDT,88360.2,0,buy
1766219313914,BTC-USDT,88360.2,0,buy
1766219313655,BTC-USDT,88360.2,0,buy
1766219313542,BTC-USDT,88360.2,0,buy
1766219313471,BTC-USDT,88360.2,0,buy
1766219313374,BTC-USDT,88360.1,0,sell
1766219313335,BTC-USDT,88360.1,0,sell
1766219313052,BTC-USDT,88360.2,0,buy
1766219313018,BTC-USDT,88360.2,0,buy
1766219312954,BTC-USDT,88360.1,0,sell
1766219312640,BTC-USDT,88360.2,0,buy
1766219312603,BTC-USDT,88360.1,0,sell
1766219312549,BTC-USDT,88360.2,0,buy
1766219312473,BTC-USDT,88360.1,0,sell
1766219312232,BTC-USDT,88360.1,0,sell
1766219312186,BTC-USDT,88360.1,0,sell
1766219312127,BTC-USDT,88360.2,0,buy
1766219312069,BTC-USDT,88360.2,0,buy
1766219311971,BTC-USDT,88360.2,0,buy
1766219311817,BTC-USDT,88360.1,0,sell
1766219311648,BTC-USDT,88360.1,0,sell
1766219311610,BTC-USDT,88360.1,0,sell
1766219311461,BTC-USDT,88360.2,0,buy
1766219311432,BTC-USDT,88360.2,0,buy
1766219311404,BTC-USDT,88360.1,0,sell
1766219311341,BTC-USDT,88360.2,0,buy
1766219311226,BTC-USDT,88360.2,0,buy
1766219311127,BTC-USDT,88360.2,0,buy
1766219311048,BTC-USDT,88360.2,0,buy
1766219311024,BTC-USDT,88360.2,0,buy
1766219310971,BTC-USDT,88360.2,0,buy
1766219310919,BTC-USDT,88360.2,0,buy
1766219310843,BTC-USDT,88360.2,0,buy
1766219310762,BTC-USDT,88360.2,0,buy
1766219310427,BTC-USDT,88360.1,0,sell
1766219310276,BTC-USDT,88360.1,0,sell
1766219310191,BTC-USDT,88360.1,0,sell
1766219310128,BTC-USDT,88360.1,0,sell
1766219310011,BTC-USDT,88360.2,0,buy
1766219309917,BTC-USDT,88360.1,0,sell
1766219309789,BTC-USDT,88360.2,0,buy
1766219309655,BTC-USDT,88360.2,0,buy
1766219309582,BTC-USDT,88360.1,0,sell
1766219309556,BTC-USDT,88360.2,0,buy
1766219309363,BTC-USDT,88360.2,0,buy
1766219309237,BTC-USDT,88360.2,0,buy
1766219309130,BTC-USDT,88360.2,0,buy
1766219309124,BTC-USDT,88360.1,0,sell
1766219309027,BTC-USDT,88360.2,0,buy
1766219308962,BTC-USDT,88360.1,0,sell
1766219308915,BTC-USDT,88360.2,0,buy
1766219308815,BTC-USDT,88360.2,0,buy
1766219308556,BTC-USDT,88360.2,0,buy
1766219308496,BTC-USDT,88360.2,0,buy
1766219308423,BTC-USDT,88360.1,0,sell
1766219308400,BTC-USDT,88360.2,0,buy
1766219308150,BTC-USDT,88360.2,0,buy
1766219308087,BTC-USDT,88360.2,0,buy
1766219308010,BTC-USDT,88360.1,0,sell
1766219307981,BTC-USDT,88360.2,0,buy
1766219307949,BTC-USDT,88360.1,0,sell
1766219307908,BTC-USDT,88360.1,0,sell
1766219307868,BTC-USDT,88360.2,0,buy
1766219307802,BTC-USDT,88360.1,0,sell
1766219307770,BTC-USDT,88360.1,0,sell
1766219307481,BTC-USDT,88360.2,0,buy
1766219307444,BTC-USDT,88360.2,0,buy
1766219307370,BTC-USDT,88360.2,0,buy
1766219307351,BTC-USDT,88360.2,0,buy
1766219307131,BTC-USDT,88360.1,0,sell
1766219306945,BTC-USDT,88360.1,0,sell
1766219306921,BTC-USDT,88360.2,0,buy
1766219306866,BTC-USDT,88360.1,0,sell
1766219306807,BTC-USDT,88360.2,0,buy
1766219306526,BTC-USDT,88360.2,0,buy
1766219306459,BTC-USDT,88360.2,0,buy
1766219306458,BTC-USDT,88360.2,0,buy
1766219306384,BTC-USDT,88360.2,0,buy
1766219306111,BTC-USDT,88360.2,0,buy
1766219306044,BTC-USDT,88360.1,0,sell
1766219305964,BTC-USDT,88360.2,0,buy
1766219305900,BTC-USDT,88360.2,0,buy
1766219305839,BTC-USDT,88360.2,0,buy
1766219305832,BTC-USDT,88360.2,0,buy
1766219305622,BTC-USDT,88360.1,0,sell
1766219305550,BTC-USDT,88360.1,0,sell
1766219305436,BTC-USDT,88360.1,0,sell
1766219305267,BTC-USDT,88360.1,0,sell
1766219305197,BTC-USDT,88360.2,0,buy
1766219305135,BTC-USDT,88360.2,0,buy
1766219305032,BTC-USDT,88360.2,0,buy
1766219304988,BTC-USDT,88360.1,0,sell
1766219304927,BTC-USDT,88360.2,0,buy
1766219304829,BTC-USDT,88360.2,0,buy
1766219304658,BTC-USDT,88360.2,0,buy
1766219304636,BTC-USDT,88360.2,0,buy
1766219304627,BTC-USDT,88360.2,0,buy
1766219304573,BTC-USDT,88360.2,0,buy
1766219304254,BTC-USDT,88360.1,0,sell
1766219304218,BTC-USDT,88360.1,0,sell
1766219304125,BTC-USDT,88360.2,0,buy
1766219304110,BTC-USDT,88360.2,0,buy
1766219303944,BTC-USDT,88360.2,0,buy
1766219303839,BTC-USDT,88360.1,0,sell
1766219303796,BTC-USDT,88360.2,0,buy
1766219303736,BTC-USDT,88360.2,0,buy
1766219303708,BTC-USDT,88360.1,0,sell
1766219303418,BTC-USDT,88360.1,0,sell
1766219303373,BTC-USDT,88360.1,0,sell
1766219303267,BTC-USDT,88360.1,0,sell
1766219303106,BTC-USDT,88360.1,0,sell
1766219303103,BTC-USDT,88360.1,0,sell
1766219303007,BTC-USDT,88360.2,0,buy
1766219302961,BTC-USDT,88360.1,0,sell
1766219302851,BTC-USDT,88360.2,0,buy
1766219302750,BTC-USDT,88360.2,0,buy
1766219302682,BTC-USDT,88360.1,0,sell
1766219302594,BTC-USDT,88360.1,0,sell
1766219302426,BTC-USDT,88360.2,0,buy
1766219302266,BTC-USDT,88360.2,0,buy
1766219302128,BTC-USDT,88360.2,0,buy
1766219301997,BTC-USDT,88360.1,0,sell
1766219301921,BTC-USDT,88360.1,0,sell
1766219301866,BTC-USDT,88360.1,0,sell
1766219301847,BTC-USDT,88360.1,0,sell
1766219301787,BTC-USDT,88360.1,0,sell
1766219301582,BTC-USDT,88360.1,0,sell
1766219301535,BTC-USDT,88360.1,0,sell
1766219301462,BTC-USDT,88360.2,0,buy
1766219301427,BTC-USDT,88360.1,0,sell
1766219301159,BTC-USDT,88360.1,0,sell
1766219301115,BTC-USDT,88360.1,0,sell
1766219301042,BTC-USDT,88360.1,0,sell
1766219301003,BTC-USDT,88360.1,0,sell
1766219300953,BTC-USDT,88360.1,0,sell
1766219300680,BTC-USDT,88360.1,0,sell
1766219300582,BTC-USDT,88360.2,0,buy
1766219300538,BTC-USDT,88360.1,0,sell
1766219300376,BTC-USDT,88360.2,0,buy
1766219300260,BTC-USDT,88360.2,0,buy
1766219300160,BTC-USDT,88360.1,0,sell
1766219300119,BTC-USDT,88360.2,0,buy
1766219299973,BTC-USDT,88360.1,0,sell
1766219299834,BTC-USDT,88360.1,0,sell
1766219299407,BTC-USDT,88360.2,0,buy
1766219299366,BTC-USDT,88360.2,0,buy
1766219299326,BTC-USDT,88360.2,0,buy
1766219298983,BTC-USDT,88360.1,0,sell
1766219298938,BTC-USDT,88360.2,0,buy
1766219298907,BTC-USDT,88360.2,0,buy
1766219298800,BTC-USDT,88360.1,0,sell
1766219298734,BTC-USDT,88360.2,0,buy
1766219298545,BTC-USDT,88360.1,0,sell
1766219298386,BTC-USDT,88360.1,0,sell
1766219298282,BTC-USDT,88360.1,0,sell
1766219298168,BTC-USDT,88360.2,0,buy
1766219298136,BTC-USDT,88360.2,0,buy
1766219298098,BTC-USDT,88360.1,0,sell
1766219298071,BTC-USDT,88360.2,0,buy
1766219297928,BTC-USDT,88360.1,0,sell
1766219297771,BTC-USDT,88360.2,0,buy
1766219297648,BTC-USDT,88360.2,0,buy
1766219297572,BTC-USDT,88360.2,0,buy
1766219297529,BTC-USDT,88360.2,0,buy
1766219297317,BTC-USDT,88360.2,0,buy
1766219297220,BTC-USDT,88360.2,0,buy
1766219297151,BTC-USDT,88360.2,0,buy
1766219297110,BTC-USDT,88360.1,0,sell
1766219297059,BTC-USDT,88360.1,0,sell
1766219297013,BTC-USDT,88360.2,0,buy
1766219296896,BTC-USDT,88360.2,0,buy
1766219296730,BTC-USDT,88360.2,0,buy
1766219296647,BTC-USDT,88360.2,0,buy
1766219296593,BTC-USDT,88360.2,0,buy
1766219296524,BTC-USDT,88360.2,0,buy
1766219296213,BTC-USDT,88360.2,0,buy
1766219296052,BTC-USDT,88360.2,0,buy
1766219295955,BTC-USDT,88360.2,0,buy
1766219295900,BTC-USDT,88360.2,0,buy
1766219295786,BTC-USDT,88360.2,0,buy
1766219295637,BTC-USDT,88360.2,0,buy
1766219295535,BTC-USDT,88360.2,0,buy
1766219295309,BTC-USDT,88360.1,0,sell
1766219295218,BTC-USDT,88360.1,0,sell
1766219295163,BTC-USDT,88360.1,0,sell
1766219295114,BTC-USDT,88360.2,0,buy
1766219294891,BTC-USDT,88360.1,0,sell
1766219294688,BTC-USDT,88360.1,0,sell
1766219294582,BTC-USDT,88360.1,0,sell
1766219294537,BTC-USDT,88360.1,0,sell
1766219294324,BTC-USDT,88360.1,0,sell
1766219294271,BTC-USDT,88360.2,0,buy
1766219294270,BTC-USDT,88360.2,0,buy
1766219294170,BTC-USDT,88360.2,0,buy
1766219293960,BTC-USDT,88360.2,0,buy
1766219293903,BTC-USDT,88360.1,0,sell
1766219293857,BTC-USDT,88360.2,0,buy
1766219293753,BTC-USDT,88360.2,0,buy
1766219293649,BTC-USDT,88360.1,0,sell
1766219293341,BTC-USDT,88360.1,0,sell
1766219293225,BTC-USDT,88360.2,0,buy
1766219293135,BTC-USDT,88360.1,0,sell
1766219293109,BTC-USDT,88360.1,0,sell
1766219292791,BTC-USDT,88360.2,0,buy
1766219292736,BTC-USDT,88360.2,0,buy
1766219292697,BTC-USDT,88360.2,0,buy
1766219292485,BTC-USDT,88360.2,0,buy
1766219292377,BTC-USDT,88360.2,0,buy
1766219292169,BTC-USDT,88360.2,0,buy
1766219292062,BTC-USDT,88360.1,0,sell
1766219291953,BTC-USDT,88360.2,0,buy
1766219291909,BTC-USDT,88360.2,0,buy
1766219291856,BTC-USDT,88360.1,0,sell
1766219291484,BTC-USDT,88360.2,0,buy
1766219291436,BTC-USDT,88360.1,0,sell
1766219291381,BTC-USDT,88360.2,0,buy
1766219291329,BTC-USDT,88360.1,0,sell
1766219291071,BTC-USDT,88360.1,0,sell
1766219290972,BTC-USDT,88360.2,0,buy
1766219290852,BTC-USDT,88360.1,0,sell
1766219290800,BTC-USDT,88360.2,0,buy
1766219290593,BTC-USDT,88360.1,0,sell
1766219290555,BTC-USDT,88360.7,0,buy
1766219290477,BTC-USDT,88360.7,0,buy
1766219290432,BTC-USDT,88360.1,0,sell
1766219290172,BTC-USDT,88360.9,0,buy
1766219290142,BTC-USDT,88360.9,0,buy
1766219290092,BTC-USDT,88360.1,0,sell
1766219290052,BTC-USDT,88360.9,0,buy
1766219290010,BTC-USDT,88360.9,0,buy
1766219290010,BTC-USDT,88360.2,0,buy
1766219289872,BTC-USDT,88360.2,0,buy
1766219289803,BTC-USDT,88360.2,0,buy
1766219289730,BTC-USDT,88360.1,0,sell
1766219289633,BTC-USDT,88360.7,0,sell
1766219289473,BTC-USDT,88361.0,0,sell
1766219289454,BTC-USDT,88361.1,0,buy
1766219289392,BTC-USDT,88361.0,0,sell
1766219289323,BTC-USDT,88361.0,0,sell
1766219289212,BTC-USDT,88361.1,0,buy
1766219289179,BTC-USDT,88361.0,0,sell
1766219289040,BTC-USDT,88361.1,0,buy
1766219288899,BTC-USDT,88361.1,0,buy
1766219288796,BTC-USDT,88361.1,0,buy
1766219288752,BTC-USDT,88361.0,0,sell
1766219288633,BTC-USDT,88361.0,0,sell
1766219288377,BTC-USDT,88361.1,0,buy
1766219288329,BTC-USDT,88361.1,0,buy
1766219288222,BTC-USDT,88361.1,0,buy
1766219288125,BTC-USDT,88361.0,0,sell
1766219288010,BTC-USDT,88361.1,0,buy
1766219287912,BTC-USDT,88361.1,0,buy
1766219287853,BTC-USDT,88361.1,0,buy
1766219287803,BTC-USDT,88361.1,0,buy
1766219287750,BTC-USDT,88361.1,0,buy
1766219287226,BTC-USDT,88361.1,0,buy
1766219287183,BTC-USDT,88361.0,0,sell
1766219286824,BTC-USDT,88361.0,0,sell
1766219286621,BTC-USDT,88361.0,0,sell
1766219286559,BTC-USDT,88361.0,0,sell
1766219286355,BTC-USDT,88361.0,0,sell
1766219286226,BTC-USDT,88361.1,0,buy
1766219286216,BTC-USDT,88361.0,0,sell
1766219285919,BTC-USDT,88361.1,0,buy
1766219285902,BTC-USDT,88361.0,0,sell
1766219285804,BTC-USDT,88361.0,0,sell
1766219285627,BTC-USDT,88361.1,0,buy
1766219285613,BTC-USDT,88361.0,0,sell
1766219285486,BTC-USDT,88361.1,0,buy
1766219285387,BTC-USDT,88361.0,0,sell
1766219285186,BTC-USDT,88361.0,0,sell
1766219285179,BTC-USDT,88361.0,0,sell
1766219285070,BTC-USDT,88361.0,0,sell
1766219284975,BTC-USDT,88361.0,0,sell
1766219284759,BTC-USDT,88361.0,0,sell
1766219284650,BTC-USDT,88361.0,0,sell
1766219284563,BTC-USDT,88361.0,0,sell
1766219284257,BTC-USDT,88361.0,0,sell
1766219284228,BTC-USDT,88361.0,0,sell
1766219283842,BTC-USDT,88361.1,0,buy
1766219283803,BTC-USDT,88361.0,0,sell
1766219283743,BTC-USDT,88361.1,0,buy
1766219283662,BTC-USDT,88361.1,0,buy
1766219283638,BTC-USDT,88361.0,0,sell
1766219283384,BTC-USDT,88361.0,0,sell
1766219283320,BTC-USDT,88361.0,0,sell
1766219283243,BTC-USDT,88361.1,0,buy
1766219283172,BTC-USDT,88361.1,0,buy
1766219283027,BTC-USDT,88361.1,0,buy
1766219282957,BTC-USDT,88361.1,0,buy
1766219282616,BTC-USDT,88361.0,0,sell
1766219282574,BTC-USDT,88361.1,0,buy
1766219282544,BTC-USDT,88361.1,0,buy
1766219282335,BTC-USDT,88361.0,0,sell
1766219282192,BTC-USDT,88361.1,0,buy
1766219282046,BTC-USDT,88361.0,0,sell
1766219281939,BTC-USDT,88361.1,0,buy
1766219281913,BTC-USDT,88361.0,0,sell
1766219281776,BTC-USDT,88361.0,0,sell
1766219281563,BTC-USDT,88361.1,0,buy
1766219281404,BTC-USDT,88361.1,0,buy
1766219281313,BTC-USDT,88361.1,0,buy
1766219281142,BTC-USDT,88361.0,0,sell
1766219281062,BTC-USDT,88361.0,0,sell
1766219280986,BTC-USDT,88361.1,0,buy
1766219280896,BTC-USDT,88361.1,0,buy
1766219280730,BTC-USDT,88361.1,0,buy
1766219280645,BTC-USDT,88361.0,0,sell
1766219280515,BTC-USDT,88361.0,0,sell
1766219280327,BTC-USDT,88361.0,0,sell
1766219280307,BTC-USDT,88361.1,0,buy
1766219280096,BTC-USDT,88361.0,0,sell
1766219280012,BTC-USDT,88361.1,0,buy
1766219279945,BTC-USDT,88361.1,0,buy
1766219279889,BTC-USDT,88361.1,0,buy
1766219279807,BTC-USDT,88361.1,0,buy
1766219279524,BTC-USDT,88361.0,0,sell
1766219279419,BTC-USDT,88361.0,0,sell
1766219279340,BTC-USDT,88361.0,0,sell
1766219279267,BTC-USDT,88361.1,0,buy
1766219279210,BTC-USDT,88361.1,0,buy
1766219279189,BTC-USDT,88361.1,0,buy
1766219279110,BTC-USDT,88361.0,0,sell
1766219279060,BTC-USDT,88361.1,0,buy
1766219278794,BTC-USDT,88361.0,0,sell
1766219278764,BTC-USDT,88361.1,0,buy
1766219278702,BTC-USDT,88361.1,0,buy
1766219278378,BTC-USDT,88361.1,0,buy
1766219278164,BTC-USDT,88361.0,0,sell
1766219278130,BTC-USDT,88361.0,0,sell
1766219278082,BTC-USDT,88361.0,0,sell
1766219278057,BTC-USDT,88361.0,0,sell
1766219277956,BTC-USDT,88361.1,0,buy
1766219277929,BTC-USDT,88361.1,0,buy
1766219277918,BTC-USDT,88361.1,0,buy
1766219277747,BTC-USDT,88361.1,0,buy
1766219277657,BTC-USDT,88361.1,0,buy
1766219277643,BTC-USDT,88361.0,0,sell
1766219277505,BTC-USDT,88361.2,0,buy
1766219277439,BTC-USDT,88361.0,0,sell
1766219277235,BTC-USDT,88361.2,0,buy
1766219277122,BTC-USDT,88361.0,0,sell
1766219277083,BTC-USDT,88361.0,0,sell
1766219277012,BTC-USDT,88361.2,0,buy
1766219276850,BTC-USDT,88361.0,0,sell
1766219276813,BTC-USDT,88361.2,0,buy
1766219276655,BTC-USDT,88361.0,0,sell
1766219276641,BTC-USDT,88361.1,0,sell
1766219276600,BTC-USDT,88361.1,0,sell
1766219276384,BTC-USDT,88361.9,0,buy
1766219276223,BTC-USDT,88361.1,0,sell
1766219276186,BTC-USDT,88361.1,0,sell
1766219276125,BTC-USDT,88361.1,0,sell
1766219276068,BTC-USDT,88361.1,0,sell
1766219275976,BTC-USDT,88361.1,0,sell
1766219275921,BTC-USDT,88361.9,0,buy
1766219275801,BTC-USDT,88361.1,0,sell
1766219275648,BTC-USDT,88361.9,0,buy
1766219275641,BTC-USDT,88362.0,0,sell
1766219275596,BTC-USDT,88362.1,0,buy
1766219275555,BTC-USDT,88362.1,0,buy
1766219275497,BTC-USDT,88362.1,0,buy
1766219275473,BTC-USDT,88362.0,0,sell
1766219275344,BTC-USDT,88362.1,0,buy
1766219275235,BTC-USDT,88362.1,0,buy
1766219275119,BTC-USDT,88362.0,0,sell
1766219275089,BTC-USDT,88362.0,0,sell
1766219275024,BTC-USDT,88362.0,0,sell
1766219274957,BTC-USDT,88362.0,0,sell
1766219274910,BTC-USDT,88362.0,0,sell
1766219274746,BTC-USDT,88362.0,0,sell
1766219274663,BTC-USDT,88362.0,0,sell
1766219274540,BTC-USDT,88362.0,0,sell
1766219274515,BTC-USDT,88362.0,0,sell
1766219274252,BTC-USDT,88362.0,0,sell
1766219274184,BTC-USDT,88362.0,0,sell
1766219274113,BTC-USDT,88362.0,0,sell
1766219274095,BTC-USDT,88362.1,0,buy
1766219273972,BTC-USDT,88362.1,0,buy
1766219410047,BTC-USDT,88345.3,0,buy
1766219409968,BTC-USDT,88345.2,0,sell
1766219409896,BTC-USDT,88345.3,0,buy
1766219409835,BTC-USDT,88345.2,0,sell
1766219409763,BTC-USDT,88345.3,0,buy
1766219409691,BTC-USDT,88345.3,0,buy
1766219409563,BTC-USDT,88345.2,0,sell
1766219409479,BTC-USDT,88345.3,0,buy
1766219409410,BTC-USDT,88345.2,0,sell
1766219409351,BTC-USDT,88345.2,0,sell
1766219409147,BTC-USDT,88345.3,0,buy
1766219409052,BTC-USDT,88345.3,0,buy
1766219408932,BTC-USDT,88345.3,0,buy
1766219408784,BTC-USDT,88345.2,0,sell
1766219408635,BTC-USDT,88345.3,0,buy
1766219408576,BTC-USDT,88345.3,0,buy
1766219408512,BTC-USDT,88345.2,0,sell
1766219408367,BTC-USDT,88345.2,0,sell
1766219408276,BTC-USDT,88345.2,0,sell
1766219408216,BTC-USDT,88345.2,0,sell
1766219408161,BTC-USDT,88345.2,0,sell
1766219408082,BTC-USDT,88345.2,0,sell
1766219407957,BTC-USDT,88345.2,0,sell
1766219407866,BTC-USDT,88345.3,0,buy
1766219407865,BTC-USDT,88345.2,0,sell
1766219407801,BTC-USDT,88345.3,0,buy
1766219407644,BTC-USDT,88345.2,0,sell
1766219407589,BTC-USDT,88345.3,0,buy
1766219407450,BTC-USDT,88345.2,0,sell
1766219407445,BTC-USDT,88345.3,0,buy
1766219407035,BTC-USDT,88345.2,0,sell
1766219407031,BTC-USDT,88345.3,0,buy
1766219406955,BTC-USDT,88345.3,0,buy
1766219406694,BTC-USDT,88345.2,0,sell
1766219406549,BTC-USDT,88345.2,0,sell
1766219406403,BTC-USDT,88345.2,0,sell
1766219406155,BTC-USDT,88345.2,0,sell
1766219406145,BTC-USDT,88345.3,0,buy
1766219406069,BTC-USDT,88345.2,0,sell
1766219405999,BTC-USDT,88345.2,0,sell
1766219405944,BTC-USDT,88345.2,0,sell
1766219405937,BTC-USDT,88345.2,0,sell
1766219405782,BTC-USDT,88345.2,0,sell
1766219405731,BTC-USDT,88345.3,0,buy
1766219405651,BTC-USDT,88345.2,0,sell
1766219405581,BTC-USDT,88345.2,0,sell
1766219405365,BTC-USDT,88345.3,0,buy
1766219405322,BTC-USDT,88345.3,0,buy
1766219405236,BTC-USDT,88345.3,0,buy
1766219405161,BTC-USDT,88345.2,0,sell
1766219404907,BTC-USDT,88345.2,0,sell
1766219404864,BTC-USDT,88345.2,0,sell
1766219404812,BTC-USDT,88345.2,0,sell
1766219404498,BTC-USDT,88345.2,0,sell
1766219404216,BTC-USDT,88345.2,0,sell
1766219404166,BTC-USDT,88345.2,0,sell
1766219404151,BTC-USDT,88346.6,0,buy
1766219404009,BTC-USDT,88346.6,0,buy
1766219403802,BTC-USDT,88346.6,0,buy
1766219403732,BTC-USDT,88346.6,0,buy
1766219403662,BTC-USDT,88346.6,0,buy
1766219403641,BTC-USDT,88347.1,0,sell
1766219403641,BTC-USDT,88348.4,0,sell
1766219403591,BTC-USDT,88349.4,0,buy
1766219403570,BTC-USDT,88349.4,0,buy
1766219403454,BTC-USDT,88349.8,0,buy
1766219403311,BTC-USDT,88349.1,0,sell
1766219403250,BTC-USDT,88349.1,0,sell
1766219403167,BTC-USDT,88349.1,0,sell
1766219403041,BTC-USDT,88349.1,0,sell
1766219402957,BTC-USDT,88349.1,0,sell
1766219402744,BTC-USDT,88349.8,0,buy
1766219402674,BTC-USDT,88349.1,0,sell
1766219402641,BTC-USDT,88349.1,0,sell
1766219402641,BTC-USDT,88349.1,0,sell
1766219402641,BTC-USDT,88349.1,0,sell
1766219402641,BTC-USDT,88350.0,0,sell
1766219402641,BTC-USDT,88351.3,0,sell
1766219402641,BTC-USDT,88352.9,0,sell
1766219402641,BTC-USDT,88353.2,0,sell
1766219402641,BTC-USDT,88355.2,0,sell
1766219402641,BTC-USDT,88355.9,0,sell
1766219402641,BTC-USDT,88357.7,0,sell
1766219402641,BTC-USDT,88358.2,0,sell
1766219402641,BTC-USDT,88358.6,0,sell
1766219402641,BTC-USDT,88360.0,0,sell
1766219402461,BTC-USDT,88360.2,0,buy
1766219402188,BTC-USDT,88360.2,0,buy
1766219402049,BTC-USDT,88360.1,0,sell
1766219402035,BTC-USDT,88360.2,0,buy
1766219401977,BTC-USDT,88360.1,0,sell
1766219401913,BTC-USDT,88360.2,0,buy
1766219401700,BTC-USDT,88360.2,0,buy
1766219401658,BTC-USDT,88360.2,0,buy
1766219401589,BTC-USDT,88360.1,0,sell
1766219401463,BTC-USDT,88360.2,0,buy
1766219401395,BTC-USDT,88360.2,0,buy
1766219401373,BTC-USDT,88360.2,0,buy
1766219401224,BTC-USDT,88360.2,0,buy
1766219401158,BTC-USDT,88360.2,0,buy
1766219401023,BTC-USDT,88360.2,0,buy
1766219400965,BTC-USDT,88360.2,0,buy
1766219400948,BTC-USDT,88360.2,0,buy
1766219400805,BTC-USDT,88360.2,0,buy
1766219400605,BTC-USDT,88360.1,0,sell
1766219400603,BTC-USDT,88360.1,0,sell
1766219400554,BTC-USDT,88360.1,0,sell
1766219400403,BTC-USDT,88360.2,0,buy
1766219400341,BTC-USDT,88360.2,0,buy
1766219400108,BTC-USDT,88360.1,0,sell
1766219399996,BTC-USDT,88360.2,0,buy
1766219399969,BTC-USDT,88360.2,0,buy
1766219399898,BTC-USDT,88360.1,0,sell
1766219399590,BTC-USDT,88360.2,0,buy
1766219399492,BTC-USDT,88360.1,0,sell
1766219399472,BTC-USDT,88360.1,0,sell
1766219399372,BTC-USDT,88360.2,0,buy
1766219399322,BTC-USDT,88360.2,0,buy
1766219399309,BTC-USDT,88360.2,0,buy
1766219399045,BTC-USDT,88360.2,0,buy
1766219398986,BTC-USDT,88360.1,0,sell
1766219398904,BTC-USDT,88360.2,0,buy
1766219398837,BTC-USDT,88360.2,0,buy
1766219398640,BTC-USDT,88360.2,0,buy
1766219398505,BTC-USDT,88360.1,0,sell
1766219398423,BTC-USDT,88360.1,0,sell
1766219398368,BTC-USDT,88360.1,0,sell
1766219398213,BTC-USDT,88360.2,0,buy
1766219398213,BTC-USDT,88360.2,0,buy
1766219398089,BTC-USDT,88360.2,0,buy
1766219397941,BTC-USDT,88360.2,0,buy
1766219397875,BTC-USDT,88360.1,0,sell
1766219397802,BTC-USDT,88360.1,0,sell
1766219397671,BTC-USDT,88360.2,0,buy
1766219397595,BTC-USDT,88360.1,0,sell
1766219397388,BTC-USDT,88360.1,0,sell
1766219397254,BTC-USDT,88360.2,0,buy
1766219397170,BTC-USDT,88360.2,0,buy
1766219397159,BTC-USDT,88360.2,0,buy
1766219396958,BTC-USDT,88360.1,0,sell
1766219396837,BTC-USDT,88360.1,0,sell
1766219396781,BTC-USDT,88360.2,0,buy
1766219396766,BTC-USDT,88360.2,0,buy
1766219396739,BTC-USDT,88360.2,0,buy
1766219396413,BTC-USDT,88360.2,0,buy
1766219396370,BTC-USDT,88360.1,0,sell
1766219396363,BTC-USDT,88360.2,0,buy
1766219396324,BTC-USDT,88360.2,0,buy
1766219395968,BTC-USDT,88360.2,0,buy
1766219395949,BTC-USDT,88360.1,0,sell
1766219395901,BTC-USDT,88360.2,0,buy
1766219395794,BTC-USDT,88360.1,0,sell
1766219395569,BTC-USDT,88360.2,0,buy
1766219395478,BTC-USDT,88360.2,0,buy
1766219395165,BTC-USDT,88360.2,0,buy
1766219395160,BTC-USDT,88360.2,0,buy
1766219395055,BTC-USDT,88360.1,0,sell
1766219394962,BTC-USDT,88360.2,0,buy
1766219394950,BTC-USDT,88360.2,0,buy
1766219394764,BTC-USDT,88360.1,0,sell
1766219394633,BTC-USDT,88360.2,0,buy
1766219394559,BTC-USDT,88360.1,0,sell
1766219394351,BTC-USDT,88360.1,0,sell
1766219394290,BTC-USDT,88360.1,0,sell
1766219394211,BTC-USDT,88360.2,0,buy
1766219393862,BTC-USDT,88360.1,0,sell
1766219393838,BTC-USDT,88360.1,0,sell
1766219393795,BTC-USDT,88360.1,0,sell
1766219393627,BTC-USDT,88360.1,0,sell
1766219393432,BTC-USDT,88360.2,0,buy
1766219393205,BTC-USDT,88360.2,0,buy
1766219393161,BTC-USDT,88360.1,0,sell
1766219393029,BTC-USDT,88360.1,0,sell
1766219392949,BTC-USDT,88360.1,0,sell
1766219392665,BTC-USDT,88360.2,0,buy
1766219392614,BTC-USDT,88360.1,0,sell
1766219392584,BTC-USDT,88360.1,0,sell
1766219392244,BTC-USDT,88360.1,0,sell
1766219392204,BTC-USDT,88360.1,0,sell
1766219392087,BTC-USDT,88360.1,0,sell
1766219391994,BTC-USDT,88360.2,0,buy
1766219391946,BTC-USDT,88360.1,0,sell
1766219391824,BTC-USDT,88360.1,0,sell
1766219391740,BTC-USDT,88360.2,0,buy
1766219391607,BTC-USDT,88360.2,0,buy
1766219391444,BTC-USDT,88360.1,0,sell
1766219391354,BTC-USDT,88360.1,0,sell
1766219391320,BTC-USDT,88360.2,0,buy
1766219391237,BTC-USDT,88360.2,0,buy
1766219391175,BTC-USDT,88360.2,0,buy
1766219390898,BTC-USDT,88360.1,0,sell
1766219390819,BTC-USDT,88360.1,0,sell
1766219390771,BTC-USDT,88360.2,0,buy
1766219390608,BTC-USDT,88360.2,0,buy
1766219390476,BTC-USDT,88360.2,0,buy
1766219390364,BTC-USDT,88360.2,0,buy
1766219390193,BTC-USDT,88360.1,0,sell
1766219390050,BTC-USDT,88360.2,0,buy
1766219389944,BTC-USDT,88360.1,0,sell
1766219389837,BTC-USDT,88360.1,0,sell
1766219389770,BTC-USDT,88360.2,0,buy
1766219389615,BTC-USDT,88360.2,0,buy
1766219389421,BTC-USDT,88360.1,0,sell
1766219389355,BTC-USDT,88360.2,0,buy
1766219389210,BTC-USDT,88360.1,0,sell
1766219389203,BTC-USDT,88360.2,0,buy
1766219389001,BTC-USDT,88360.2,0,buy
1766219388934,BTC-USDT,88360.1,0,sell
1766219388926,BTC-USDT,88360.1,0,sell
1766219388721,BTC-USDT,88360.1,0,sell
1766219388592,BTC-USDT,88360.1,0,sell
1766219388575,BTC-USDT,88360.2,0,buy
1766219388503,BTC-USDT,88360.2,0,buy
1766219388378,BTC-USDT,88360.2,0,buy
1766219388301,BTC-USDT,88360.2,0,buy
1766219388295,BTC-USDT,88360.1,0,sell
1766219387968,BTC-USDT,88360.2,0,buy
1766219387962,BTC-USDT,88360.2,0,buy
1766219387874,BTC-USDT,88360.2,0,buy
1766219387650,BTC-USDT,88360.2,0,buy
1766219387552,BTC-USDT,88360.1,0,sell
1766219387455,BTC-USDT,88360.2,0,buy
1766219387349,BTC-USDT,88360.2,0,buy
1766219387231,BTC-USDT,88360.1,0,sell
1766219387039,BTC-USDT,88360.2,0,buy
1766219386940,BTC-USDT,88360.2,0,buy
1766219386819,BTC-USDT,88360.2,0,buy
1766219386621,BTC-USDT,88360.2,0,buy
1766219386606,BTC-USDT,88360.2,0,buy
1766219386181,BTC-USDT,88360.2,0,buy
1766219386136,BTC-USDT,88360.2,0,buy
1766219386095,BTC-USDT,88360.1,0,sell
1766219385998,BTC-USDT,88360.1,0,sell
1766219385971,BTC-USDT,88360.2,0,buy
1766219385778,BTC-USDT,88360.1,0,sell
1766219385717,BTC-USDT,88360.2,0,buy
1766219385681,BTC-USDT,88360.2,0,buy
1766219385573,BTC-USDT,88360.1,0,sell
1766219385352,BTC-USDT,88360.2,0,buy
1766219385296,BTC-USDT,88360.2,0,buy
1766219385252,BTC-USDT,88360.1,0,sell
1766219385190,BTC-USDT,88360.1,0,sell
1766219385155,BTC-USDT,88360.1,0,sell
1766219385136,BTC-USDT,88360.2,0,buy
1766219384875,BTC-USDT,88360.1,0,sell
1766219384831,BTC-USDT,88360.2,0,buy
1766219384746,BTC-USDT,88360.1,0,sell
1766219384718,BTC-USDT,88360.1,0,sell
1766219384537,BTC-USDT,88360.1,0,sell
1766219384459,BTC-USDT,88360.2,0,buy
1766219384408,BTC-USDT,88360.1,0,sell
1766219384303,BTC-USDT,88360.1,0,sell
1766219384125,BTC-USDT,88360.1,0,sell
1766219384039,BTC-USDT,88360.1,0,sell
1766219383991,BTC-USDT,88360.2,0,buy
1766219383669,BTC-USDT,88360.2,0,buy
1766219383615,BTC-USDT,88360.2,0,buy
1766219383258,BTC-USDT,88360.2,0,buy
1766219383197,BTC-USDT,88360.1,0,sell
1766219383159,BTC-USDT,88360.2,0,buy
1766219383067,BTC-USDT,88360.2,0,buy
1766219382946,BTC-USDT,88360.2,0,buy
1766219382829,BTC-USDT,88360.2,0,buy
1766219382780,BTC-USDT,88360.1,0,sell
1766219382447,BTC-USDT,88360.2,0,buy
1766219382411,BTC-USDT,88360.2,0,buy
1766219382246,BTC-USDT,88360.1,0,sell
1766219382097,BTC-USDT,88360.1,0,sell
1766219381999,BTC-USDT,88360.2,0,buy
1766219381819,BTC-USDT,88360.2,0,buy
1766219381794,BTC-USDT,88360.1,0,sell
1766219381678,BTC-USDT,88360.2,0,buy
1766219381604,BTC-USDT,88360.2,0,buy
1766219381363,BTC-USDT,88360.2,0,buy
1766219381257,BTC-USDT,88360.2,0,buy
1766219381183,BTC-USDT,88360.2,0,buy
1766219381093,BTC-USDT,88360.2,0,buy
1766219380943,BTC-USDT,88360.1,0,sell
1766219380841,BTC-USDT,88360.2,0,buy
1766219380759,BTC-USDT,88360.1,0,sell
1766219380675,BTC-USDT,88360.1,0,sell
1766219380632,BTC-USDT,88360.2,0,buy
1766219380555,BTC-USDT,88360.2,0,buy
1766219380349,BTC-USDT,88360.2,0,buy
1766219380259,BTC-USDT,88360.2,0,buy
1766219380002,BTC-USDT,88360.2,0,buy
1766219379929,BTC-USDT,88360.2,0,buy
1766219379839,BTC-USDT,88360.1,0,sell
1766219379690,BTC-USDT,88360.2,0,buy
1766219379377,BTC-USDT,88360.2,0,buy
1766219379288,BTC-USDT,88360.2,0,buy
1766219379213,BTC-USDT,88360.1,0,sell
1766219379209,BTC-USDT,88360.1,0,sell
1766219379165,BTC-USDT,88360.1,0,sell
1766219378880,BTC-USDT,88360.2,0,buy
1766219378791,BTC-USDT,88360.1,0,sell
1766219378790,BTC-USDT,88360.1,0,sell
1766219378585,BTC-USDT,88360.1,0,sell
1766219378460,BTC-USDT,88360.2,0,buy
1766219378372,BTC-USDT,88360.1,0,sell
1766219378264,BTC-USDT,88360.2,0,buy
1766219378159,BTC-USDT,88360.2,0,buy
1766219378049,BTC-USDT,88360.1,0,sell
1766219377954,BTC-USDT,88360.1,0,sell
1766219377951,BTC-USDT,88360.1,0,sell
1766219377848,BTC-USDT,88360.1,0,sell
1766219377635,BTC-USDT,88360.1,0,sell
1766219377539,BTC-USDT,88360.1,0,sell
1766219377230,BTC-USDT,88360.2,0,buy
1766219377215,BTC-USDT,88360.2,0,buy
1766219377127,BTC-USDT,88360.2,0,buy
1766219376923,BTC-USDT,88360.2,0,buy
1766219376800,BTC-USDT,88360.2,0,buy
1766219376673,BTC-USDT,88360.2,0,buy
1766219376621,BTC-USDT,88360.1,0,sell
1766219376532,BTC-USDT,88360.1,0,sell
1766219376415,BTC-USDT,88360.2,0,buy
1766219376374,BTC-USDT,88360.1,0,sell
1766219376204,BTC-USDT,88360.1,0,sell
1766219376164,BTC-USDT,88360.1,0,sell
1766219376111,BTC-USDT,88360.2,0,buy
1766219376052,BTC-USDT,88360.2,0,buy
1766219375907,BTC-USDT,88360.1,0,sell
1766219375844,BTC-USDT,88360.2,0,buy
1766219375778,BTC-USDT,88360.2,0,buy
1766219375636,BTC-USDT,88360.2,0,buy
1766219375512,BTC-USDT,88360.1,0,sell
1766219375489,BTC-USDT,88360.2,0,buy
1766219375365,BTC-USDT,88360.1,0,sell
1766219375273,BTC-USDT,88360.1,0,sell
1766219375095,BTC-USDT,88360.1,0,sell
1766219374993,BTC-USDT,88360.2,0,buy
1766219374942,BTC-USDT,88360.1,0,sell
1766219374852,BTC-USDT,88360.2,0,buy
1766219374782,BTC-USDT,88360.2,0,buy
1766219374673,BTC-USDT,88360.2,0,buy
1766219374463,BTC-USDT,88360.2,0,buy
1766219374434,BTC-USDT,88360.1,0,sell
1766219374373,BTC-USDT,88360.1,0,sell
1766219374227,BTC-USDT,88360.2,0,buy
1766219373953,BTC-USDT,88360.1,0,sell
1766219373811,BTC-USDT,88360.2,0,buy
1766219373670,BTC-USDT,88360.1,0,sell
1766219373630,BTC-USDT,88360.2,0,buy
1766219373597,BTC-USDT,88360.1,0,sell
1766219373470,BTC-USDT,88360.2,0,buy
1766219373264,BTC-USDT,88360.2,0,buy
1766219373203,BTC-USDT,88360.1,0,sell
1766219373045,BTC-USDT,88360.1,0,sell
1766219372848,BTC-USDT,88360.1,0,sell
1766219372782,BTC-USDT,88360.1,0,sell
1766219372632,BTC-USDT,88360.2,0,buy
1766219372445,BTC-USDT,88360.1,0,sell
1766219372366,BTC-USDT,88360.2,0,buy
1766219372218,BTC-USDT,88360.1,0,sell
1766219372037,BTC-USDT,88360.2,0,buy
1766219372013,BTC-USDT,88360.1,0,sell
1766219371595,BTC-USDT,88360.1,0,sell
1766219371591,BTC-USDT,88360.1,0,sell
1766219371502,BTC-USDT,88360.2,0,buy
1766219371384,BTC-USDT,88360.1,0,sell
1766219371224,BTC-USDT,88360.1,0,sell
1766219371185,BTC-USDT,88360.1,0,sell
1766219371079,BTC-USDT,88360.1,0,sell
1766219370955,BTC-USDT,88360.1,0,sell
1766219370815,BTC-USDT,88360.1,0,sell
1766219370767,BTC-USDT,88360.1,0,sell
1766219370659,BTC-USDT,88360.2,0,buy
1766219370609,BTC-USDT,88360.1,0,sell
1766219370447,BTC-USDT,88360.1,0,sell
1766219370356,BTC-USDT,88360.1,0,sell
1766219370195,BTC-USDT,88360.1,0,sell
1766219370030,BTC-USDT,88360.1,0,sell
1766219369980,BTC-USDT,88360.2,0,buy
1766219369775,BTC-USDT,88360.1,0,sell
1766219369612,BTC-USDT,88360.2,0,buy
1766219369513,BTC-USDT,88360.1,0,sell
1766219369403,BTC-USDT,88360.1,0,sell
1766219369193,BTC-USDT,88360.1,0,sell
1766219369092,BTC-USDT,88360.1,0,sell
1766219368934,BTC-USDT,88360.2,0,buy
1766219368822,BTC-USDT,88360.2,0,buy
1766219368778,BTC-USDT,88360.1,0,sell
1766219368669,BTC-USDT,88360.2,0,buy
1766219368621,BTC-USDT,88360.1,0,sell
1766219368463,BTC-USDT,88360.1,0,sell
1766219368358,BTC-USDT,88360.2,0,buy
1766219368150,BTC-USDT,88360.1,0,sell
1766219368092,BTC-USDT,88360.1,0,sell
1766219368040,BTC-USDT,88360.1,0,sell
1766219367987,BTC-USDT,88360.1,0,sell
1766219367944,BTC-USDT,88360.2,0,buy
1766219367779,BTC-USDT,88360.1,0,sell
1766219367670,BTC-USDT,88360.2,0,buy
1766219367624,BTC-USDT,88360.2,0,buy
1766219367360,BTC-USDT,88360.1,0,sell
1766219367251,BTC-USDT,88360.1,0,sell
1766219367232,BTC-USDT,88360.1,0,sell
1766219367194,BTC-USDT,88360.2,0,buy
1766219367151,BTC-USDT,88360.1,0,sell
1766219366940,BTC-USDT,88360.1,0,sell
1766219366835,BTC-USDT,88360.1,0,sell
1766219366833,BTC-USDT,88360.2,0,buy
1766219366774,BTC-USDT,88360.1,0,sell
1766219366624,BTC-USDT,88360.1,0,sell
1766219366439,BTC-USDT,88360.1,0,sell
1766219366213,BTC-USDT,88360.2,0,buy
1766219366145,BTC-USDT,88360.2,0,buy
1766219365999,BTC-USDT,88360.2,0,buy
1766219365807,BTC-USDT,88360.2,0,buy
1766219365632,BTC-USDT,88360.2,0,buy
1766219365579,BTC-USDT,88360.2,0,buy
1766219365399,BTC-USDT,88360.2,0,buy
1766219365370,BTC-USDT,88360.2,0,buy
1766219365223,BTC-USDT,88360.2,0,buy
1766219364968,BTC-USDT,88360.2,0,buy
1766219364942,BTC-USDT,88360.2,0,buy
1766219364656,BTC-USDT,88360.2,0,buy
1766219364595,BTC-USDT,88360.2,0,buy
1766219364387,BTC-USDT,88360.2,0,buy
1766219364362,BTC-USDT,88360.2,0,buy
1766219364237,BTC-USDT,88360.2,0,buy
1766219363971,BTC-USDT,88360.1,0,sell
1766219363827,BTC-USDT,88360.1,0,sell
1766219363818,BTC-USDT,88360.1,0,sell
1766219363607,BTC-USDT,88360.2,0,buy
1766219363562,BTC-USDT,88360.1,0,sell
1766219363419,BTC-USDT,88360.1,0,sell
1766219363191,BTC-USDT,88360.2,0,buy
1766219363151,BTC-USDT,88360.1,0,sell
1766219363020,BTC-USDT,88360.2,0,buy
1766219362593,BTC-USDT,88360.1,0,sell
1766219362237,BTC-USDT,88360.2,0,buy
1766219362191,BTC-USDT,88360.1,0,sell
1766219361809,BTC-USDT,88360.2,0,buy
1766219361773,BTC-USDT,88360.2,0,buy
1766219361688,BTC-USDT,88360.1,0,sell
1766219361652,BTC-USDT,88360.1,0,sell
1766219361393,BTC-USDT,88360.1,0,sell
1766219361347,BTC-USDT,88360.1,0,sell
1766219361246,BTC-USDT,88360.2,0,buy
1766219361190,BTC-USDT,88360.1,0,sell
1766219361060,BTC-USDT,88360.1,0,sell
1766219360839,BTC-USDT,88360.1,0,sell
1766219360435,BTC-USDT,88360.1,0,sell
1766219360419,BTC-USDT,88360.1,0,sell
1766219360351,BTC-USDT,88360.2,0,buy
1766219360082,BTC-USDT,88360.1,0,sell
1766219360020,BTC-USDT,88360.1,0,sell
1766219359989,BTC-USDT,88360.2,0,buy
1766219359704,BTC-USDT,88360.2,0,buy
1766219359610,BTC-USDT,88360.1,0,sell
1766219359605,BTC-USDT,88360.2,0,buy
1766219359583,BTC-USDT,88360.2,0,buy
1766219359191,BTC-USDT,88360.2,0,buy
1766219359152,BTC-USDT,88360.1,0,sell
1766219359081,BTC-USDT,88360.2,0,buy
1766219358996,BTC-USDT,88360.1,0,sell
1766219358983,BTC-USDT,88360.2,0,buy
1766219358950,BTC-USDT,88360.1,0,sell
1766219358795,BTC-USDT,88360.1,0,sell
1766219358771,BTC-USDT,88360.2,0,buy
1766219358662,BTC-USDT,88360.1,0,sell
1766219358590,BTC-USDT,88360.2,0,buy
1766219358383,BTC-USDT,88360.1,0,sell
1766219358352,BTC-USDT,88360.2,0,buy
1766219358236,BTC-USDT,88360.2,0,buy
1766219358022,BTC-USDT,88360.1,0,sell
1766219357936,BTC-USDT,88360.1,0,sell
1766219357777,BTC-USDT,88360.2,0,buy
1766219357600,BTC-USDT,88360.1,0,sell
1766219357570,BTC-USDT,88360.1,0,sell
1766219357452,BTC-USDT,88360.2,0,buy
1766219357448,BTC-USDT,88360.1,0,sell
1766219357238,BTC-USDT,88360.1,0,sell
1766219357184,BTC-USDT,88360.2,0,buy
1766219357032,BTC-USDT,88360.1,0,sell
1766219356937,BTC-USDT,88360.2,0,buy
1766219356819,BTC-USDT,88360.1,0,sell
1766219356767,BTC-USDT,88360.1,0,sell
1766219356556,BTC-USDT,88360.1,0,sell
1766219356410,BTC-USDT,88360.1,0,sell
1766219356188,BTC-USDT,88360.1,0,sell
1766219355921,BTC-USDT,88360.1,0,sell
1766219355780,BTC-USDT,88360.1,0,sell
1766219355612,BTC-USDT,88360.2,0,buy
1766219355400,BTC-USDT,88360.1,0,sell
1766219355378,BTC-USDT,88360.1,0,sell
1766219355253,BTC-USDT,88360.2,0,buy
1766219355144,BTC-USDT,88360.1,0,sell
1766219354975,BTC-USDT,88360.1,0,sell
1766219354931,BTC-USDT,88360.2,0,buy
1766219354843,BTC-USDT,88360.1,0,sell
1766219354760,BTC-USDT,88360.1,0,sell
1766219354736,BTC-USDT,88360.1,0,sell
1766219354576,BTC-USDT,88360.2,0,buy
1766219354525,BTC-USDT,88360.2,0,buy
1766219354429,BTC-USDT,88360.1,0,sell
1766219354169,BTC-USDT,88360.1,0,sell
1766219354140,BTC-USDT,88360.1,0,sell
1766219354100,BTC-USDT,88360.1,0,sell
1766219353935,BTC-USDT,88360.1,0,sell
1766219353806,BTC-USDT,88360.1,0,sell
1766219353766,BTC-USDT,88360.1,0,sell
1766219353482,BTC-USDT,88360.2,0,buy
1766219353340,BTC-USDT,88360.1,0,sell
1766219353266,BTC-USDT,88360.2,0,buy
1766219353172,BTC-USDT,88360.2,0,buy
1766219353135,BTC-USDT,88360.2,0,buy
1766219353064,BTC-USDT,88360.1,0,sell
1766219352960,BTC-USDT,88360.1,0,sell
1766219352756,BTC-USDT,88360.1,0,sell
1766219352639,BTC-USDT,88360.2,0,buy
1766219352638,BTC-USDT,88360.2,0,buy
1766219352541,BTC-USDT,88360.2,0,buy
1766219352475,BTC-USDT,88360.2,0,buy
1766219352334,BTC-USDT,88360.2,0,buy
1766219352220,BTC-USDT,88360.1,0,sell
1766219352217,BTC-USDT,88360.2,0,buy
1766219352052,BTC-USDT,88360.1,0,sell
1766219351803,BTC-USDT,88360.1,0,sell
1766219351794,BTC-USDT,88360.2,0,buy
1766219351699,BTC-USDT,88360.2,0,buy
1766219351629,BTC-USDT,88360.1,0,sell
1766219351586,BTC-USDT,88360.2,0,buy
1766219351387,BTC-USDT,88360.1,0,sell
1766219351279,BTC-USDT,88360.2,0,buy
1766219351225,BTC-USDT,88360.2,0,buy
1766219351168,BTC-USDT,88360.2,0,buy
1766219350967,BTC-USDT,88360.1,0,sell
1766219350852,BTC-USDT,88360.1,0,sell
1766219350775,BTC-USDT,88360.1,0,sell
1766219350775,BTC-USDT,88360.1,0,sell
1766219350609,BTC-USDT,88360.1,0,sell
1766219350546,BTC-USDT,88360.1,0,sell
1766219350442,BTC-USDT,88360.2,0,buy
1766219350335,BTC-USDT,88360.1,0,sell
1766219350193,BTC-USDT,88360.1,0,sell
1766219350025,BTC-USDT,88360.2,0,buy
1766219349985,BTC-USDT,88360.2,0,buy
1766219349920,BTC-USDT,88360.2,0,buy
1766219349643,BTC-USDT,88360.2,0,buy
1766219349605,BTC-USDT,88360.2,0,buy
1766219349484,BTC-USDT,88360.2,0,buy
1766219349433,BTC-USDT,88360.2,0,buy
1766219349343,BTC-USDT,88360.1,0,sell
1766219349166,BTC-USDT,88360.2,0,buy
1766219349076,BTC-USDT,88360.1,0,sell
1766219349013,BTC-USDT,88360.2,0,buy
1766219348916,BTC-USDT,88360.1,0,sell
1766219348746,BTC-USDT,88360.2,0,buy
1766219348663,BTC-USDT,88360.1,0,sell
1766219348384,BTC-USDT,88360.1,0,sell
1766219348332,BTC-USDT,88360.2,0,buy
1766219348246,BTC-USDT,88360.1,0,sell
1766219348172,BTC-USDT,88360.1,0,sell
1766219348123,BTC-USDT,88360.2,0,buy
1766219347922,BTC-USDT,88360.2,0,buy
1766219347901,BTC-USDT,88360.2,0,buy
1766219347617,BTC-USDT,88360.1,0,sell
1766219347481,BTC-USDT,88360.2,0,buy
1766219347188,BTC-USDT,88360.2,0,buy
1766219347127,BTC-USDT,88360.1,0,sell
1766219347048,BTC-USDT,88360.2,0,buy
1766219346873,BTC-USDT,88360.1,0,sell
1766219346843,BTC-USDT,88360.1,0,sell
1766219346766,BTC-USDT,88360.2,0,buy
1766219346456,BTC-USDT,88360.1,0,sell
1766219346415,BTC-USDT,88360.2,0,buy
1766219345989,BTC-USDT,88360.2,0,buy
1766219345934,BTC-USDT,88360.1,0,sell
1766219345880,BTC-USDT,88360.2,0,buy
1766219345778,BTC-USDT,88360.1,0,sell
1766219345773,BTC-USDT,88360.2,0,buy
1766219345575,BTC-USDT,88360.2,0,buy
1766219345571,BTC-USDT,88360.2,0,buy
1766219345462,BTC-USDT,88360.2,0,buy
1766219345361,BTC-USDT,88360.1,0,sell
1766219345166,BTC-USDT,88360.2,0,buy
1766219345041,BTC-USDT,88360.1,0,sell
1766219344951,BTC-USDT,88360.1,0,sell
1766219344932,BTC-USDT,88360.1,0,sell
1766219344749,BTC-USDT,88360.1,0,sell
1766219344615,BTC-USDT,88360.2,0,buy
1766219344545,BTC-USDT,88360.1,0,sell
1766219344532,BTC-USDT,88360.2,0,buy
1766219344406,BTC-USDT,88360.1,0,sell
1766219344129,BTC-USDT,88360.2,0,buy
1766219344096,BTC-USDT,88360.1,0,sell
1766219343921,BTC-USDT,88360.1,0,sell
1766219343909,BTC-USDT,88360.2,0,buy
1766219343884,BTC-USDT,88360.2,0,buy
1766219343559,BTC-USDT,88360.2,0,buy
1766219343490,BTC-USDT,88360.1,0,sell
1766219343460,BTC-USDT,88360.1,0,sell
1766219343347,BTC-USDT,88360.2,0,buy
1766219343248,BTC-USDT,88360.2,0,buy
1766219343027,BTC-USDT,88360.1,0,sell
1766219342929,BTC-USDT,88360.2,0,buy
1766219342836,BTC-USDT,88360.2,0,buy
1766219342813,BTC-USDT,88360.1,0,sell
1766219342601,BTC-USDT,88360.1,0,sell
1766219342600,BTC-USDT,88360.2,0,buy
1766219342430,BTC-USDT,88360.2,0,buy
1766219342395,BTC-USDT,88360.2,0,buy
1766219342072,BTC-USDT,88360.2,0,buy
1766219342025,BTC-USDT,88360.1,0,sell
1766219341978,BTC-USDT,88360.2,0,buy
1766219341863,BTC-USDT,88360.1,0,sell
1766219341653,BTC-USDT,88360.2,0,buy
1766219341597,BTC-USDT,88360.2,0,buy
1766219341550,BTC-USDT,88360.2,0,buy
1766219341449,BTC-USDT,88360.2,0,buy
1766219341397,BTC-USDT,88360.1,0,sell
1766219341347,BTC-USDT,88360.2,0,buy
1766219341137,BTC-USDT,88360.1,0,sell
1766219341005,BTC-USDT,88360.1,0,sell
1766219340969,BTC-USDT,88360.2,0,buy
1766219340588,BTC-USDT,88360.2,0,buy
1766219340542,BTC-USDT,88360.2,0,buy
1766219340227,BTC-USDT,88360.1,0,sell
1766219340171,BTC-USDT,88360.1,0,sell
1766219340131,BTC-USDT,88360.1,0,sell
1766219339920,BTC-USDT,88360.2,0,buy
1766219339815,BTC-USDT,88360.1,0,sell
1766219339794,BTC-USDT,88360.1,0,sell
1766219339616,BTC-USDT,88360.1,0,sell
1766219339606,BTC-USDT,88360.1,0,sell
1766219339550,BTC-USDT,88360.2,0,buy
1766219339448,BTC-USDT,88360.1,0,sell
1766219339398,BTC-USDT,88360.2,0,buy
1766219339214,BTC-USDT,88360.1,0,sell
1766219339186,BTC-USDT,88360.2,0,buy
1766219339133,BTC-USDT,88360.1,0,sell
1766219339036,BTC-USDT,88360.1,0,sell
1766219339013,BTC-USDT,88360.2,0,buy
1766219338923,BTC-USDT,88360.2,0,buy
1766219338763,BTC-USDT,88360.2,0,buy
1766219338621,BTC-USDT,88360.2,0,buy
1766219338605,BTC-USDT,88360.2,0,buy
1766219338561,BTC-USDT,88360.1,0,sell
1766219338508,BTC-USDT,88360.1,0,sell
1766219338301,BTC-USDT,88360.2,0,buy
1766219338192,BTC-USDT,88360.1,0,sell
1766219338190,BTC-USDT,88360.2,0,buy
1766219338143,BTC-USDT,88360.2,0,buy
1766219337981,BTC-USDT,88360.1,0,sell
1766219337976,BTC-USDT,88360.2,0,buy
1766219337885,BTC-USDT,88360.2,0,buy
1766219337682,BTC-USDT,88360.1,0,sell
1766219337557,BTC-USDT,88360.1,0,sell
1766219337369,BTC-USDT,88360.1,0,sell
1766219337255,BTC-USDT,88360.2,0,buy
1766219337235,BTC-USDT,88360.1,0,sell
1766219336929,BTC-USDT,88360.2,0,buy
1766219336816,BTC-USDT,88360.1,0,sell
1766219336815,BTC-USDT,88360.2,0,buy
1766219336739,BTC-USDT,88360.2,0,buy
1766219336537,BTC-USDT,88360.2,0,buy
1766219336393,BTC-USDT,88360.1,0,sell
1766219336392,BTC-USDT,88360.2,0,buy
1766219336187,BTC-USDT,88360.1,0,sell
1766219336130,BTC-USDT,88360.2,0,buy
1766219335974,BTC-USDT,88360.2,0,buy
1766219335775,BTC-USDT,88360.1,0,sell
1766219335551,BTC-USDT,88360.1,0,sell
1766219335146,BTC-USDT,88360.2,0,buy
1766219335125,BTC-USDT,88360.2,0,buy
1766219335007,BTC-USDT,88360.1,0,sell
1766219334944,BTC-USDT,88360.2,0,buy
1766219334915,BTC-USDT,88360.1,0,sell
1766219334593,BTC-USDT,88360.1,0,sell
1766219334526,BTC-USDT,88360.2,0,buy
1766219334384,BTC-USDT,88360.2,0,buy
1766219334318,BTC-USDT,88360.1,0,sell
1766219334222,BTC-USDT,88360.2,0,buy
1766219334114,BTC-USDT,88360.2,0,buy
1766219333978,BTC-USDT,88360.2,0,buy
1766219333974,BTC-USDT,88360.1,0,sell
1766219333910,BTC-USDT,88360.2,0,buy
1766219333594,BTC-USDT,88360.2,0,buy
1766219333358,BTC-USDT,88360.1,0,sell
1766219333348,BTC-USDT,88360.2,0,buy
1766219333179,BTC-USDT,88360.1,0,sell
1766219333150,BTC-USDT,88360.1,0,sell
1766219333079,BTC-USDT,88360.2,0,buy
1766219332933,BTC-USDT,88360.1,0,sell
1766219332764,BTC-USDT,88360.1,0,sell
1766219332731,BTC-USDT,88360.1,0,sell
1766219332631,BTC-USDT,88360.1,0,sell
1766219332557,BTC-USDT,88360.1,0,sell
1766219332556,BTC-USDT,88360.2,0,buy
1766219332350,BTC-USDT,88360.1,0,sell
1766219332307,BTC-USDT,88360.2,0,buy
1766219332215,BTC-USDT,88360.2,0,buy
1766219332140,BTC-USDT,88360.1,0,sell
1766219331932,BTC-USDT,88360.2,0,buy
1766219331890,BTC-USDT,88360.1,0,sell
1766219331888,BTC-USDT,88360.1,0,sell
1766219331797,BTC-USDT,88360.2,0,buy
1766219331457,BTC-USDT,88360.1,0,sell
1766219331365,BTC-USDT,88360.2,0,buy
1766219331164,BTC-USDT,88360.1,0,sell
1766219331135,BTC-USDT,88360.1,0,sell
1766219331099,BTC-USDT,88360.2,0,buy
1766219331037,BTC-USDT,88360.2,0,buy
1766219330919,BTC-USDT,88360.2,0,buy
1766219330764,BTC-USDT,88360.1,0,sell
1766219330613,BTC-USDT,88360.2,0,buy
1766219330466,BTC-USDT,88360.1,0,sell
1766219330360,BTC-USDT,88360.1,0,sell
1766219330190,BTC-USDT,88360.2,0,buy
1766219330132,BTC-USDT,88360.2,0,buy
1766219330043,BTC-USDT,88360.1,0,sell
1766219329918,BTC-USDT,88360.2,0,buy
1766219329772,BTC-USDT,88360.1,0,sell
1766219329611,BTC-USDT,88360.2,0,buy
1766219329558,BTC-USDT,88360.2,0,buy
1766219329190,BTC-USDT,88360.1,0,sell
1766219329187,BTC-USDT,88360.2,0,buy
1766219328976,BTC-USDT,88360.1,0,sell
1766219328811,BTC-USDT,88360.1,0,sell
1766219328771,BTC-USDT,88360.1,0,sell
1766219328554,BTC-USDT,88360.2,0,buy
1766219328493,BTC-USDT,88360.2,0,buy
1766219328393,BTC-USDT,88360.1,0,sell
1766219328280,BTC-USDT,88360.1,0,sell
1766219328168,BTC-USDT,88360.1,0,sell
1766219328128,BTC-USDT,88360.2,0,buy
1766219328068,BTC-USDT,88360.1,0,sell
1766219327968,BTC-USDT,88360.1,0,sell
1766219327766,BTC-USDT,88360.1,0,sell
1766219327760,BTC-USDT,88360.1,0,sell
1766219327640,BTC-USDT,88360.1,0,sell
1766219327543,BTC-USDT,88360.1,0,sell
1766219327279,BTC-USDT,88360.1,0,sell
1766219327147,BTC-USDT,88360.2,0,buy
1766219327008,BTC-USDT,88360.1,0,sell
1766219326907,BTC-USDT,88360.2,0,buy
1766219326854,BTC-USDT,88360.2,0,buy
1766219326739,BTC-USDT,88360.1,0,sell
1766219326434,BTC-USDT,88360.2,0,buy
1766219326327,BTC-USDT,88360.1,0,sell
1766219326226,BTC-USDT,88360.2,0,buy
1766219326156,BTC-USDT,88360.1,0,sell
1766219325931,BTC-USDT,88360.2,0,buy
1766219325817,BTC-USDT,88360.2,0,buy
1766219325747,BTC-USDT,88360.1,0,sell
1766219325625,BTC-USDT,88360.1,0,sell
1766219325607,BTC-USDT,88360.1,0,sell
1766219325505,BTC-USDT,88360.1,0,sell
1766219325420,BTC-USDT,88360.2,0,buy
1766219325119,BTC-USDT,88360.2,0,buy
1766219325068,BTC-USDT,88360.2,0,buy
1766219325012,BTC-USDT,88360.1,0,sell
1766219324650,BTC-USDT,88360.1,0,sell
1766219324553,BTC-USDT,88360.1,0,sell
1766219324344,BTC-USDT,88360.1,0,sell
1766219324226,BTC-USDT,88360.2,0,buy
1766219324170,BTC-USDT,88360.1,0,sell
1766219324013,BTC-USDT,88360.2,0,buy
1766219323965,BTC-USDT,88360.1,0,sell
1766219323920,BTC-USDT,88360.1,0,sell
1766219323809,BTC-USDT,88360.2,0,buy
1766219323602,BTC-USDT,88360.1,0,sell
1766219323597,BTC-USDT,88360.2,0,buy
1766219323530,BTC-USDT,88360.2,0,buy
1766219323191,BTC-USDT,88360.1,0,sell
1766219323122,BTC-USDT,88360.2,0,buy
1766219322783,BTC-USDT,88360.2,0,buy
1766219322775,BTC-USDT,88360.1,0,sell
1766219322758,BTC-USDT,88360.1,0,sell
1766219322364,BTC-USDT,88360.2,0,buy
1766219322342,BTC-USDT,88360.1,0,sell
1766219322156,BTC-USDT,88360.1,0,sell
1766219322039,BTC-USDT,88360.2,0,buy
1766219321994,BTC-USDT,88360.2,0,buy
1766219321919,BTC-USDT,88360.2,0,buy
1766219321820,BTC-USDT,88360.2,0,buy
1766219321628,BTC-USDT,88360.2,0,buy
1766219321403,BTC-USDT,88360.1,0,sell
1766219321339,BTC-USDT,88360.1,0,sell
1766219321234,BTC-USDT,88360.1,0,sell
1766219320994,BTC-USDT,88360.2,0,buy
1766219320907,BTC-USDT,88360.2,0,buy
1766219320808,BTC-USDT,88360.2,0,buy
1766219320714,BTC-USDT,88360.1,0,sell
1766219320582,BTC-USDT,88360.1,0,sell
1766219320509,BTC-USDT,88360.2,0,buy
1766219320194,BTC-USDT,88360.1,0,sell
1766219320160,BTC-USDT,88360.2,0,buy
1766219320108,BTC-USDT,88360.1,0,sell
1766219319948,BTC-USDT,88360.2,0,buy
1766219319909,BTC-USDT,88360.1,0,sell
1766219319567,BTC-USDT,88360.1,0,sell
1766219319536,BTC-USDT,88360.2,0,buy
1766219319357,BTC-USDT,88360.1,0,sell
1766219319192,BTC-USDT,88360.1,0,sell
1766219318951,BTC-USDT,88360.1,0,sell
1766219318912,BTC-USDT,88360.1,0,sell
1766219318901,BTC-USDT,88360.2,0,buy
1766219318771,BTC-USDT,88360.2,0,buy
1766219318690,BTC-USDT,88360.2,0,buy
1766219318529,BTC-USDT,88360.1,0,sell
1766219318431,BTC-USDT,88360.1,0,sell
1766219318345,BTC-USDT,88360.2,0,buy
1766219318274,BTC-USDT,88360.2,0,buy
1766219318214,BTC-USDT,88360.1,0,sell
1766219318135,BTC-USDT,88360.1,0,sell
1766219318108,BTC-USDT,88360.1,0,sell
1766219318000,BTC-USDT,88360.1,0,sell
1766219317910,BTC-USDT,88360.1,0,sell
1766219317856,BTC-USDT,88360.1,0,sell
1766219317643,BTC-USDT,88360.2,0,buy
1766219317520,BTC-USDT,88360.2,0,buy
1766219317414,BTC-USDT,88360.2,0,buy
1766219317380,BTC-USDT,88360.2,0,buy
1766219317142,BTC-USDT,88360.2,0,buy
1766219317107,BTC-USDT,88360.2,0,buy
1766219317014,BTC-USDT,88360.2,0,buy
1766219316908,BTC-USDT,88360.1,0,sell
1766219316724,BTC-USDT,88360.2,0,buy
1766219316602,BTC-USDT,88360.2,0,buy
1766219316552,BTC-USDT,88360.2,0,buy
1766219316236,BTC-USDT,88360.2,0,buy
1766219316183,BTC-USDT,88360.1,0,sell
1766219316133,BTC-USDT,88360.1,0,sell
1766219315828,BTC-USDT,88360.1,0,sell
1766219315625,BTC-USDT,88360.2,0,buy
1766219315423,BTC-USDT,88360.2,0,buy
1766219315388,BTC-USDT,88360.1,0,sell
1766219315342,BTC-USDT,88360.2,0,buy
1766219315253,BTC-USDT,88360.2,0,buy
1766219315198,BTC-USDT,88360.2,0,buy
1766219315129,BTC-USDT,88360.1,0,sell
1766219314994,BTC-USDT,88360.1,0,sell
1766219314833,BTC-USDT,88360.2,0,buy
1766219314783,BTC-USDT,88360.1,0,sell
1766219314749,BTC-USDT,88360.1,0,sell
1766219314416,BTC-USDT,88360.2,0,buy
1766219314376,BTC-USDT,88360.1,0,sell
1766219314327,BTC-USDT,88360.1,0,sell
1766219314076,BTC-USDT,88360.2,0,buy
1766219314001,BTC-USDT,88360.2,0,buy
1766219313914,BTC-USDT,88360.2,0,buy
1766219313655,BTC-USDT,88360.2,0,buy
1766219313542,BTC-USDT,88360.2,0,buy
1766219313471,BTC-USDT,88360.2,0,buy
1766219313374,BTC-USDT,88360.1,0,sell
1766219313335,BTC-USDT,88360.1,0,sell
1766219313052,BTC-USDT,88360.2,0,buy
1766219313018,BTC-USDT,88360.2,0,buy
1766219312954,BTC-USDT,88360.1,0,sell
1766219312640,BTC-USDT,88360.2,0,buy
1766219312603,BTC-USDT,88360.1,0,sell
1766219312549,BTC-USDT,88360.2,0,buy
1766219312473,BTC-USDT,88360.1,0,sell
1766219312232,BTC-USDT,88360.1,0,sell
1766219312186,BTC-USDT,88360.1,0,sell
1766219312127,BTC-USDT,88360.2,0,buy
1766219312069,BTC-USDT,88360.2,0,buy
1766219311971,BTC-USDT,88360.2,0,buy
1766219311817,BTC-USDT,88360.1,0,sell
1766219311648,BTC-USDT,88360.1,0,sell
1766219311610,BTC-USDT,88360.1,0,sell
1766219311461,BTC-USDT,88360.2,0,buy
1766219311432,BTC-USDT,88360.2,0,buy
1766219311404,BTC-USDT,88360.1,0,sell
1766219311341,BTC-USDT,88360.2,0,buy
1766219311226,BTC-USDT,88360.2,0,buy
1766219311127,BTC-USDT,88360.2,0,buy
1766219311048,BTC-USDT,88360.2,0,buy
1766219311024,BTC-USDT,88360.2,0,buy
1766219310971,BTC-USDT,88360.2,0,buy
1766219310919,BTC-USDT,88360.2,0,buy
1766219310843,BTC-USDT,88360.2,0,buy
1766219310762,BTC-USDT,88360.2,0,buy
1766219310427,BTC-USDT,88360.1,0,sell
1766219310276,BTC-USDT,88360.1,0,sell
1766219310191,BTC-USDT,88360.1,0,sell
1766219310128,BTC-USDT,88360.1,0,sell
1766219310011,BTC-USDT,88360.2,0,buy
1766219309917,BTC-USDT,88360.1,0,sell
1766219309789,BTC-USDT,88360.2,0,buy
1766219309655,BTC-USDT,88360.2,0,buy
1766219309582,BTC-USDT,88360.1,0,sell
1766219309556,BTC-USDT,88360.2,0,buy
1766219309363,BTC-USDT,88360.2,0,buy
1766219309237,BTC-USDT,88360.2,0,buy
1766219309130,BTC-USDT,88360.2,0,buy
1766219309124,BTC-USDT,88360.1,0,sell
1766219309027,BTC-USDT,88360.2,0,buy
1766219308962,BTC-USDT,88360.1,0,sell
1766219308915,BTC-USDT,88360.2,0,buy
1766219308815,BTC-USDT,88360.2,0,buy
1766219308556,BTC-USDT,88360.2,0,buy
1766219308496,BTC-USDT,88360.2,0,buy
1766219308423,BTC-USDT,88360.1,0,sell
1766219308400,BTC-USDT,88360.2,0,buy
1766219308150,BTC-USDT,88360.2,0,buy
1766219308087,BTC-USDT,88360.2,0,buy
1766219308010,BTC-USDT,88360.1,0,sell
1766219307981,BTC-USDT,88360.2,0,buy
1766219307949,BTC-USDT,88360.1,0,sell
1766219307908,BTC-USDT,88360.1,0,sell
1766219307868,BTC-USDT,88360.2,0,buy
1766219307802,BTC-USDT,88360.1,0,sell
1766219307770,BTC-USDT,88360.1,0,sell
1766219307481,BTC-USDT,88360.2,0,buy
1766219307444,BTC-USDT,88360.2,0,buy
1766219307370,BTC-USDT,88360.2,0,buy
1766219307351,BTC-USDT,88360.2,0,buy
1766219307131,BTC-USDT,88360.1,0,sell
1766219306945,BTC-USDT,88360.1,0,sell
1766219306921,BTC-USDT,88360.2,0,buy
1766219306866,BTC-USDT,88360.1,0,sell
1766219306807,BTC-USDT,88360.2,0,buy
1766219306526,BTC-USDT,88360.2,0,buy
1766219306459,BTC-USDT,88360.2,0,buy
1766219306458,BTC-USDT,88360.2,0,buy
1766219306384,BTC-USDT,88360.2,0,buy
1766219306111,BTC-USDT,88360.2,0,buy
1766219306044,BTC-USDT,88360.1,0,sell
1766219305964,BTC-USDT,88360.2,0,buy
1766219305900,BTC-USDT,88360.2,0,buy
1766219305839,BTC-USDT,88360.2,0,buy
1766219305832,BTC-USDT,88360.2,0,buy
1766219305622,BTC-USDT,88360.1,0,sell
1766219305550,BTC-USDT,88360.1,0,sell
1766219305436,BTC-USDT,88360.1,0,sell
1766219305267,BTC-USDT,88360.1,0,sell
1766219305197,BTC-USDT,88360.2,0,buy
1766219305135,BTC-USDT,88360.2,0,buy
1766219305032,BTC-USDT,88360.2,0,buy
1766219304988,BTC-USDT,88360.1,0,sell
1766219304927,BTC-USDT,88360.2,0,buy
1766219304829,BTC-USDT,88360.2,0,buy
1766219304658,BTC-USDT,88360.2,0,buy
1766219304636,BTC-USDT,88360.2,0,buy
1766219304627,BTC-USDT,88360.2,0,buy
1766219304573,BTC-USDT,88360.2,0,buy
1766219304254,BTC-USDT,88360.1,0,sell
1766219304218,BTC-USDT,88360.1,0,sell
1766219304125,BTC-USDT,88360.2,0,buy
1766219304110,BTC-USDT,88360.2,0,buy
1766219303944,BTC-USDT,88360.2,0,buy
1766219303839,BTC-USDT,88360.1,0,sell
1766219303796,BTC-USDT,88360.2,0,buy
1766219303736,BTC-USDT,88360.2,0,buy
1766219303708,BTC-USDT,88360.1,0,sell
1766219303418,BTC-USDT,88360.1,0,sell
1766219303373,BTC-USDT,88360.1,0,sell
1766219303267,BTC-USDT,88360.1,0,sell
1766219303106,BTC-USDT,88360.1,0,sell
1766219303103,BTC-USDT,88360.1,0,sell
1766219303007,BTC-USDT,88360.2,0,buy
1766219302961,BTC-USDT,88360.1,0,sell
1766219302851,BTC-USDT,88360.2,0,buy
1766219302750,BTC-USDT,88360.2,0,buy
1766219302682,BTC-USDT,88360.1,0,sell
1766219302594,BTC-USDT,88360.1,0,sell
1766219302426,BTC-USDT,88360.2,0,buy
1766219302266,BTC-USDT,88360.2,0,buy
1766219302128,BTC-USDT,88360.2,0,buy
1766219301997,BTC-USDT,88360.1,0,sell
1766219301921,BTC-USDT,88360.1,0,sell
1766219301866,BTC-USDT,88360.1,0,sell
1766219301847,BTC-USDT,88360.1,0,sell
1766219301787,BTC-USDT,88360.1,0,sell
1766219301582,BTC-USDT,88360.1,0,sell
1766219301535,BTC-USDT,88360.1,0,sell
1766219301462,BTC-USDT,88360.2,0,buy
1766219301427,BTC-USDT,88360.1,0,sell
1766219301159,BTC-USDT,88360.1,0,sell
1766219301115,BTC-USDT,88360.1,0,sell
1766219301042,BTC-USDT,88360.1,0,sell
1766219301003,BTC-USDT,88360.1,0,sell
1766219300953,BTC-USDT,88360.1,0,sell
1766219300680,BTC-USDT,88360.1,0,sell
1766219300582,BTC-USDT,88360.2,0,buy
1766219300538,BTC-USDT,88360.1,0,sell
1766219300376,BTC-USDT,88360.2,0,buy
1766219300260,BTC-USDT,88360.2,0,buy
1766219300160,BTC-USDT,88360.1,0,sell
1766219300119,BTC-USDT,88360.2,0,buy
1766219299973,BTC-USDT,88360.1,0,sell
1766219299834,BTC-USDT,88360.1,0,sell
1766219299407,BTC-USDT,88360.2,0,buy
1766219299366,BTC-USDT,88360.2,0,buy
1766219299326,BTC-USDT,88360.2,0,buy
1766219298983,BTC-USDT,88360.1,0,sell
1766219298938,BTC-USDT,88360.2,0,buy
1766219298907,BTC-USDT,88360.2,0,buy
1766219298800,BTC-USDT,88360.1,0,sell
1766219298734,BTC-USDT,88360.2,0,buy
1766219298545,BTC-USDT,88360.1,0,sell
1766219298386,BTC-USDT,88360.1,0,sell
1766219298282,BTC-USDT,88360.1,0,sell
1766219298168,BTC-USDT,88360.2,0,buy
1766219298136,BTC-USDT,88360.2,0,buy
1766219298098,BTC-USDT,88360.1,0,sell
1766219298071,BTC-USDT,88360.2,0,buy
1766219297928,BTC-USDT,88360.1,0,sell
1766219297771,BTC-USDT,88360.2,0,buy
1766219297648,BTC-USDT,88360.2,0,buy
1766219297572,BTC-USDT,88360.2,0,buy
1766219297529,BTC-USDT,88360.2,0,buy
1766219297317,BTC-USDT,88360.2,0,buy
1766219297220,BTC-USDT,88360.2,0,buy
1766219297151,BTC-USDT,88360.2,0,buy
1766219297110,BTC-USDT,88360.1,0,sell
1766219297059,BTC-USDT,88360.1,0,sell
1766219297013,BTC-USDT,88360.2,0,buy
1766219296896,BTC-USDT,88360.2,0,buy
1766219296730,BTC-USDT,88360.2,0,buy
1766219296647,BTC-USDT,88360.2,0,buy
1766219296593,BTC-USDT,88360.2,0,buy
1766219296524,BTC-USDT,88360.2,0,buy
1766219296213,BTC-USDT,88360.2,0,buy
1766219296052,BTC-USDT,88360.2,0,buy
1766219295955,BTC-USDT,88360.2,0,buy
1766219295900,BTC-USDT,88360.2,0,buy
1766219295786,BTC-USDT,88360.2,0,buy
1766219295637,BTC-USDT,88360.2,0,buy
1766219295535,BTC-USDT,88360.2,0,buy
1766219295309,BTC-USDT,88360.1,0,sell
1766219295218,BTC-USDT,88360.1,0,sell
1766219295163,BTC-USDT,88360.1,0,sell
1766219295114,BTC-USDT,88360.2,0,buy
1766219294891,BTC-USDT,88360.1,0,sell
1766219294688,BTC-USDT,88360.1,0,sell
1766219294582,BTC-USDT,88360.1,0,sell
1766219294537,BTC-USDT,88360.1,0,sell
1766219294324,BTC-USDT,88360.1,0,sell
1766219294271,BTC-USDT,88360.2,0,buy
1766219294270,BTC-USDT,88360.2,0,buy
1766219294170,BTC-USDT,88360.2,0,buy
1766219293960,BTC-USDT,88360.2,0,buy
1766219293903,BTC-USDT,88360.1,0,sell
1766219293857,BTC-USDT,88360.2,0,buy
1766219293753,BTC-USDT,88360.2,0,buy
1766219293649,BTC-USDT,88360.1,0,sell
1766219293341,BTC-USDT,88360.1,0,sell
1766219293225,BTC-USDT,88360.2,0,buy
1766219293135,BTC-USDT,88360.1,0,sell
1766219293109,BTC-USDT,88360.1,0,sell
1766219292791,BTC-USDT,88360.2,0,buy
1766219292736,BTC-USDT,88360.2,0,buy
1766219292697,BTC-USDT,88360.2,0,buy
1766219292485,BTC-USDT,88360.2,0,buy
1766219292377,BTC-USDT,88360.2,0,buy
1766219292169,BTC-USDT,88360.2,0,buy
1766219292062,BTC-USDT,88360.1,0,sell
1766219291953,BTC-USDT,88360.2,0,buy
1766219291909,BTC-USDT,88360.2,0,buy
1766219291856,BTC-USDT,88360.1,0,sell
1766219291484,BTC-USDT,88360.2,0,buy
1766219291436,BTC-USDT,88360.1,0,sell
1766219291381,BTC-USDT,88360.2,0,buy
1766219291329,BTC-USDT,88360.1,0,sell
1766219291071,BTC-USDT,88360.1,0,sell
1766219290972,BTC-USDT,88360.2,0,buy
1766219290852,BTC-USDT,88360.1,0,sell
1766219290800,BTC-USDT,88360.2,0,buy
1766219290593,BTC-USDT,88360.1,0,sell
1766219290555,BTC-USDT,88360.7,0,buy
1766219290477,BTC-USDT,88360.7,0,buy
1766219290432,BTC-USDT,88360.1,0,sell
1766219290172,BTC-USDT,88360.9,0,buy
1766219290142,BTC-USDT,88360.9,0,buy
1766219290092,BTC-USDT,88360.1,0,sell
1766219290052,BTC-USDT,88360.9,0,buy
1766219290010,BTC-USDT,88360.9,0,buy
1766219290010,BTC-USDT,88360.2,0,buy
1766219289872,BTC-USDT,88360.2,0,buy
1766219289803,BTC-USDT,88360.2,0,buy
1766219289730,BTC-USDT,88360.1,0,sell
1766219289633,BTC-USDT,88360.7,0,sell
1766219289473,BTC-USDT,88361.0,0,sell
1766219289454,BTC-USDT,88361.1,0,buy
1766219289392,BTC-USDT,88361.0,0,sell
1766219289323,BTC-USDT,88361.0,0,sell
1766219289212,BTC-USDT,88361.1,0,buy
1766219289179,BTC-USDT,88361.0,0,sell
1766219289040,BTC-USDT,88361.1,0,buy
1766219288899,BTC-USDT,88361.1,0,buy
1766219288796,BTC-USDT,88361.1,0,buy
1766219288752,BTC-USDT,88361.0,0,sell
1766219288633,BTC-USDT,88361.0,0,sell
1766219288377,BTC-USDT,88361.1,0,buy
1766219288329,BTC-USDT,88361.1,0,buy
1766219288222,BTC-USDT,88361.1,0,buy
1766219288125,BTC-USDT,88361.0,0,sell
1766219288010,BTC-USDT,88361.1,0,buy
1766219287912,BTC-USDT,88361.1,0,buy
1766219287853,BTC-USDT,88361.1,0,buy
1766219287803,BTC-USDT,88361.1,0,buy
1766219287750,BTC-USDT,88361.1,0,buy
1766219287226,BTC-USDT,88361.1,0,buy
1766219287183,BTC-USDT,88361.0,0,sell
1766219286824,BTC-USDT,88361.0,0,sell
1766219286621,BTC-USDT,88361.0,0,sell
1766219286559,BTC-USDT,88361.0,0,sell
1766219286355,BTC-USDT,88361.0,0,sell
1766219286226,BTC-USDT,88361.1,0,buy
1766219286216,BTC-USDT,88361.0,0,sell
1766219285919,BTC-USDT,88361.1,0,buy
1766219285902,BTC-USDT,88361.0,0,sell
1766219285804,BTC-USDT,88361.0,0,sell
1766219285627,BTC-USDT,88361.1,0,buy
1766219285613,BTC-USDT,88361.0,0,sell
1766219285486,BTC-USDT,88361.1,0,buy
1766219285387,BTC-USDT,88361.0,0,sell
1766219285186,BTC-USDT,88361.0,0,sell
1766219285179,BTC-USDT,88361.0,0,sell
1766219285070,BTC-USDT,88361.0,0,sell
1766219284975,BTC-USDT,88361.0,0,sell
1766219284759,BTC-USDT,88361.0,0,sell
1766219284650,BTC-USDT,88361.0,0,sell
1766219284563,BTC-USDT,88361.0,0,sell
1766219284257,BTC-USDT,88361.0,0,sell
1766219284228,BTC-USDT,88361.0,0,sell
1766219283842,BTC-USDT,88361.1,0,buy
1766219283803,BTC-USDT,88361.0,0,sell
1766219283743,BTC-USDT,88361.1,0,buy
1766219283662,BTC-USDT,88361.1,0,buy
1766219283638,BTC-USDT,88361.0,0,sell
1766219283384,BTC-USDT,88361.0,0,sell
1766219283320,BTC-USDT,88361.0,0,sell
1766219283243,BTC-USDT,88361.1,0,buy
1766219283172,BTC-USDT,88361.1,0,buy
1766219283027,BTC-USDT,88361.1,0,buy
1766219282957,BTC-USDT,88361.1,0,buy
1766219282616,BTC-USDT,88361.0,0,sell
1766219282574,BTC-USDT,88361.1,0,buy
1766219282544,BTC-USDT,88361.1,0,buy
1766219282335,BTC-USDT,88361.0,0,sell
1766219282192,BTC-USDT,88361.1,0,buy
1766219282046,BTC-USDT,88361.0,0,sell
1766219281939,BTC-USDT,88361.1,0,buy
1766219281913,BTC-USDT,88361.0,0,sell
1766219281776,BTC-USDT,88361.0,0,sell
1766219281563,BTC-USDT,88361.1,0,buy
1766219281404,BTC-USDT,88361.1,0,buy
1766219281313,BTC-USDT,88361.1,0,buy
1766219281142,BTC-USDT,88361.0,0,sell
1766219281062,BTC-USDT,88361.0,0,sell
1766219280986,BTC-USDT,88361.1,0,buy
1766219280896,BTC-USDT,88361.1,0,buy
1766219280730,BTC-USDT,88361.1,0,buy
1766219280645,BTC-USDT,88361.0,0,sell
1766219280515,BTC-USDT,88361.0,0,sell
1766219280327,BTC-USDT,88361.0,0,sell
1766219280307,BTC-USDT,88361.1,0,buy
1766219280096,BTC-USDT,88361.0,0,sell
1766219280012,BTC-USDT,88361.1,0,buy
1766219279945,BTC-USDT,88361.1,0,buy
1766219279889,BTC-USDT,88361.1,0,buy
1766219279807,BTC-USDT,88361.1,0,buy
1766219279524,BTC-USDT,88361.0,0,sell
1766219279419,BTC-USDT,88361.0,0,sell
1766219279340,BTC-USDT,88361.0,0,sell
1766219279267,BTC-USDT,88361.1,0,buy
1766219279210,BTC-USDT,88361.1,0,buy
1766219279189,BTC-USDT,88361.1,0,buy
1766219279110,BTC-USDT,88361.0,0,sell
1766219279060,BTC-USDT,88361.1,0,buy
1766219278794,BTC-USDT,88361.0,0,sell
1766219278764,BTC-USDT,88361.1,0,buy
1766219278702,BTC-USDT,88361.1,0,buy
1766219278378,BTC-USDT,88361.1,0,buy
1766219278164,BTC-USDT,88361.0,0,sell
1766219278130,BTC-USDT,88361.0,0,sell
1766219278082,BTC-USDT,88361.0,0,sell
1766219278057,BTC-USDT,88361.0,0,sell
1766219277956,BTC-USDT,88361.1,0,buy
1766219277929,BTC-USDT,88361.1,0,buy
1766219277918,BTC-USDT,88361.1,0,buy
1766219277747,BTC-USDT,88361.1,0,buy
1766219277657,BTC-USDT,88361.1,0,buy
1766219277643,BTC-USDT,88361.0,0,sell
1766219277505,BTC-USDT,88361.2,0,buy
1766219277439,BTC-USDT,88361.0,0,sell
1766219277235,BTC-USDT,88361.2,0,buy
1766219277122,BTC-USDT,88361.0,0,sell
1766219277083,BTC-USDT,88361.0,0,sell
1766219277012,BTC-USDT,88361.2,0,buy
1766219276850,BTC-USDT,88361.0,0,sell
1766219276813,BTC-USDT,88361.2,0,buy
1766219276655,BTC-USDT,88361.0,0,sell
1766219276641,BTC-USDT,88361.1,0,sell
1766219276600,BTC-USDT,88361.1,0,sell
1766219276384,BTC-USDT,88361.9,0,buy
1766219276223,BTC-USDT,88361.1,0,sell
1766219276186,BTC-USDT,88361.1,0,sell
1766219276125,BTC-USDT,88361.1,0,sell
1766219276068,BTC-USDT,88361.1,0,sell
1766219275976,BTC-USDT,88361.1,0,sell
1766219275921,BTC-USDT,88361.9,0,buy
1766219275801,BTC-USDT,88361.1,0,sell
1766219275648,BTC-USDT,88361.9,0,buy
1766219275641,BTC-USDT,88362.0,0,sell
1766219275596,BTC-USDT,88362.1,0,buy
1766219275555,BTC-USDT,88362.1,0,buy
1766219275497,BTC-USDT,88362.1,0,buy
1766219275473,BTC-USDT,88362.0,0,sell
1766219275344,BTC-USDT,88362.1,0,buy
1766219275235,BTC-USDT,88362.1,0,buy
1766219275119,BTC-USDT,88362.0,0,sell
1766219275089,BTC-USDT,88362.0,0,sell
1766219275024,BTC-USDT,88362.0,0,sell
1766219274957,BTC-USDT,88362.0,0,sell
1766219274910,BTC-USDT,88362.0,0,sell
1766219274746,BTC-USDT,88362.0,0,sell
1766219274663,BTC-USDT,88362.0,0,sell
1766219274540,BTC-USDT,88362.0,0,sell
1766219274515,BTC-USDT,88362.0,0,sell
1766219274252,BTC-USDT,88362.0,0,sell
1766219274184,BTC-USDT,88362.0,0,sell
1766219274113,BTC-USDT,88362.0,0,sell
1766219274095,BTC-USDT,88362.1,0,buy
1766219273972,BTC-USDT,88362.1,0,buy
1766219518541,BTC-USDT,88346.0,0,sell
1766219518533,BTC-USDT,88346.1,0,buy
1766219518226,BTC-USDT,88346.1,0,buy
1766219518130,BTC-USDT,88346.1,0,buy
1766219518112,BTC-USDT,88346.0,0,sell
1766219518044,BTC-USDT,88346.1,0,buy
1766219518005,BTC-USDT,88346.1,0,buy
1766219517981,BTC-USDT,88346.0,0,sell
1766219517712,BTC-USDT,88346.1,0,buy
1766219517628,BTC-USDT,88346.0,0,sell
1766219517554,BTC-USDT,88346.0,0,sell
1766219517494,BTC-USDT,88346.1,0,buy
1766219517293,BTC-USDT,88346.0,0,sell
1766219517215,BTC-USDT,88346.0,0,sell
1766219517126,BTC-USDT,88346.1,0,buy
1766219517076,BTC-USDT,88346.0,0,sell
1766219517002,BTC-USDT,88346.0,0,sell
1766219516888,BTC-USDT,88346.1,0,buy
1766219516863,BTC-USDT,88346.0,0,sell
1766219516825,BTC-USDT,88346.0,0,sell
1766219516719,BTC-USDT,88346.0,0,sell
1766219516486,BTC-USDT,88346.0,0,sell
1766219516403,BTC-USDT,88346.1,0,buy
1766219516288,BTC-USDT,88346.0,0,sell
1766219516222,BTC-USDT,88346.0,0,sell
1766219516075,BTC-USDT,88346.1,0,buy
1766219516013,BTC-USDT,88250.0,0,sell
1766219515963,BTC-USDT,88346.1,0,buy
1766219515875,BTC-USDT,88346.1,0,buy
1766219515805,BTC-USDT,88250.0,0,sell
1766219515805,BTC-USDT,88250.6,0,sell
1766219515805,BTC-USDT,88251.0,0,sell
1766219515805,BTC-USDT,88251.2,0,sell
1766219515805,BTC-USDT,88252.8,0,sell
1766219515805,BTC-USDT,88253.1,0,sell
1766219515805,BTC-USDT,88253.4,0,sell
1766219515805,BTC-USDT,88253.8,0,sell
1766219515805,BTC-USDT,88253.9,0,sell
1766219515805,BTC-USDT,88254.4,0,sell
1766219515805,BTC-USDT,88254.5,0,sell
1766219515805,BTC-USDT,88255.8,0,sell
1766219515805,BTC-USDT,88255.9,0,sell
1766219515805,BTC-USDT,88256.0,0,sell
1766219515805,BTC-USDT,88256.1,0,sell
1766219515805,BTC-USDT,88257.1,0,sell
1766219515805,BTC-USDT,88257.9,0,sell
1766219515805,BTC-USDT,88258.2,0,sell
1766219515805,BTC-USDT,88258.4,0,sell
1766219515805,BTC-USDT,88258.8,0,sell
1766219515805,BTC-USDT,88259.1,0,sell
1766219515805,BTC-USDT,88260.0,0,sell
1766219515805,BTC-USDT,88260.4,0,sell
1766219515805,BTC-USDT,88260.8,0,sell
1766219515805,BTC-USDT,88261.4,0,sell
1766219515805,BTC-USDT,88263.5,0,sell
1766219515805,BTC-USDT,88264.1,0,sell
1766219515805,BTC-USDT,88266.6,0,sell
1766219515805,BTC-USDT,88267.3,0,sell
1766219515805,BTC-USDT,88268.3,0,sell
1766219515805,BTC-USDT,88269.2,0,sell
1766219515805,BTC-USDT,88269.4,0,sell
1766219515805,BTC-USDT,88270.0,0,sell
1766219515805,BTC-USDT,88270.3,0,sell
1766219515805,BTC-USDT,88270.5,0,sell
1766219515805,BTC-USDT,88270.7,0,sell
1766219515805,BTC-USDT,88270.8,0,sell
1766219515805,BTC-USDT,88270.9,0,sell
1766219515805,BTC-USDT,88271.6,0,sell
1766219515805,BTC-USDT,88272.1,0,sell
1766219515805,BTC-USDT,88272.2,0,sell
1766219515805,BTC-USDT,88272.5,0,sell
1766219515805,BTC-USDT,88272.7,0,sell
1766219515805,BTC-USDT,88274.7,0,sell
1766219515805,BTC-USDT,88275.0,0,sell
1766219515805,BTC-USDT,88275.3,0,sell
1766219515805,BTC-USDT,88276.6,0,sell
1766219515805,BTC-USDT,88277.2,0,sell
1766219515805,BTC-USDT,88278.9,0,sell
1766219515805,BTC-USDT,88279.7,0,sell
1766219515805,BTC-USDT,88280.0,0,sell
1766219515805,BTC-USDT,88280.4,0,sell
1766219515805,BTC-USDT,88281.0,0,sell
1766219515805,BTC-USDT,88281.2,0,sell
1766219515805,BTC-USDT,88281.8,0,sell
1766219515805,BTC-USDT,88282.0,0,sell
1766219515805,BTC-USDT,88282.4,0,sell
1766219515805,BTC-USDT,88282.5,0,sell
1766219515805,BTC-USDT,88283.4,0,sell
1766219515805,BTC-USDT,88283.6,0,sell
1766219515805,BTC-USDT,88283.7,0,sell
1766219515805,BTC-USDT,88283.8,0,sell
1766219515805,BTC-USDT,88285.7,0,sell
1766219515805,BTC-USDT,88286.3,0,sell
1766219515805,BTC-USDT,88286.6,0,sell
1766219515805,BTC-USDT,88287.1,0,sell
1766219515805,BTC-USDT,88288.7,0,sell
1766219515805,BTC-USDT,88289.2,0,sell
1766219515805,BTC-USDT,88290.0,0,sell
1766219515805,BTC-USDT,88290.5,0,sell
1766219515805,BTC-USDT,88290.7,0,sell
1766219515805,BTC-USDT,88293.1,0,sell
1766219515805,BTC-USDT,88293.6,0,sell
1766219515805,BTC-USDT,88294.0,0,sell
1766219515805,BTC-USDT,88294.1,0,sell
1766219515805,BTC-USDT,88294.3,0,sell
1766219515805,BTC-USDT,88294.4,0,sell
1766219515805,BTC-USDT,88294.5,0,sell
1766219515805,BTC-USDT,88295.3,0,sell
1766219515805,BTC-USDT,88296.0,0,sell
1766219515805,BTC-USDT,88296.2,0,sell
1766219515805,BTC-USDT,88297.0,0,sell
1766219515805,BTC-USDT,88297.6,0,sell
1766219515805,BTC-USDT,88298.5,0,sell
1766219515805,BTC-USDT,88299.4,0,sell
1766219515805,BTC-USDT,88299.9,0,sell
1766219515805,BTC-USDT,88300.0,0,sell
1766219515805,BTC-USDT,88300.9,0,sell
1766219515805,BTC-USDT,88301.2,0,sell
1766219515805,BTC-USDT,88301.8,0,sell
1766219515805,BTC-USDT,88302.1,0,sell
1766219515805,BTC-USDT,88302.3,0,sell
1766219515805,BTC-USDT,88303.7,0,sell
1766219515805,BTC-USDT,88304.4,0,sell
1766219515805,BTC-USDT,88305.8,0,sell
1766219515805,BTC-USDT,88307.6,0,sell
1766219515805,BTC-USDT,88309.4,0,sell
1766219515805,BTC-USDT,88309.8,0,sell
1766219515805,BTC-USDT,88310.0,0,sell
1766219515805,BTC-USDT,88310.1,0,sell
1766219515805,BTC-USDT,88310.7,0,sell
1766219515805,BTC-USDT,88311.6,0,sell
1766219515805,BTC-USDT,88312.5,0,sell
1766219515805,BTC-USDT,88313.3,0,sell
1766219515805,BTC-USDT,88313.4,0,sell
1766219515805,BTC-USDT,88313.7,0,sell
1766219515805,BTC-USDT,88314.0,0,sell
1766219515805,BTC-USDT,88314.6,0,sell
1766219515805,BTC-USDT,88315.7,0,sell
1766219515805,BTC-USDT,88317.6,0,sell
1766219515805,BTC-USDT,88318.9,0,sell
1766219515805,BTC-USDT,88319.4,0,sell
1766219515805,BTC-USDT,88319.5,0,sell
1766219515805,BTC-USDT,88319.9,0,sell
1766219515805,BTC-USDT,88320.0,0,sell
1766219515805,BTC-USDT,88320.4,0,sell
1766219515805,BTC-USDT,88320.5,0,sell
1766219515805,BTC-USDT,88321.1,0,sell
1766219515805,BTC-USDT,88321.7,0,sell
1766219515805,BTC-USDT,88321.9,0,sell
1766219515805,BTC-USDT,88323.3,0,sell
1766219515805,BTC-USDT,88325.0,0,sell
1766219515805,BTC-USDT,88325.9,0,sell
1766219515805,BTC-USDT,88326.7,0,sell
1766219515805,BTC-USDT,88327.1,0,sell
1766219515805,BTC-USDT,88327.9,0,sell
1766219515805,BTC-USDT,88328.3,0,sell
1766219515805,BTC-USDT,88328.9,0,sell
1766219515805,BTC-USDT,88329.3,0,sell
1766219515805,BTC-USDT,88329.8,0,sell
1766219515805,BTC-USDT,88332.1,0,sell
1766219515805,BTC-USDT,88333.1,0,sell
1766219515805,BTC-USDT,88333.3,0,sell
1766219515805,BTC-USDT,88334.1,0,sell
1766219515805,BTC-USDT,88336.4,0,sell
1766219515805,BTC-USDT,88337.1,0,sell
1766219515805,BTC-USDT,88337.2,0,sell
1766219515805,BTC-USDT,88337.3,0,sell
1766219515805,BTC-USDT,88338.6,0,sell
1766219515805,BTC-USDT,88339.0,0,sell
1766219515805,BTC-USDT,88340.0,0,sell
1766219515805,BTC-USDT,88341.2,0,sell
1766219515805,BTC-USDT,88342.8,0,sell
1766219515805,BTC-USDT,88342.9,0,sell
1766219515805,BTC-USDT,88343.4,0,sell
1766219515805,BTC-USDT,88343.7,0,sell
1766219515805,BTC-USDT,88344.0,0,sell
1766219515805,BTC-USDT,88344.3,0,sell
1766219515805,BTC-USDT,88344.5,0,sell
1766219515805,BTC-USDT,88344.7,0,sell
1766219515805,BTC-USDT,88344.9,0,sell
1766219515805,BTC-USDT,88345.0,0,sell
1766219515805,BTC-USDT,88345.9,0,sell
1766219515805,BTC-USDT,88346.0,0,sell
1766219515648,BTC-USDT,88346.1,0,buy
1766219515559,BTC-USDT,88346.0,0,sell
1766219515457,BTC-USDT,88346.0,0,sell
1766219515046,BTC-USDT,88346.1,0,buy
1766219515006,BTC-USDT,88346.1,0,buy
1766219514933,BTC-USDT,88346.1,0,buy
1766219514848,BTC-USDT,88346.1,0,buy
1766219514832,BTC-USDT,88346.1,0,buy
1766219514592,BTC-USDT,88346.1,0,buy
1766219514518,BTC-USDT,88346.1,0,buy
1766219514437,BTC-USDT,88346.0,0,sell
1766219514407,BTC-USDT,88346.0,0,sell
1766219514232,BTC-USDT,88346.0,0,sell
1766219514163,BTC-USDT,88346.1,0,buy
1766219514114,BTC-USDT,88346.0,0,sell
1766219513992,BTC-USDT,88346.0,0,sell
1766219513824,BTC-USDT,88346.1,0,buy
1766219513791,BTC-USDT,88346.0,0,sell
1766219513751,BTC-USDT,88346.1,0,buy
1766219513699,BTC-USDT,88346.1,0,buy
1766219513491,BTC-USDT,88346.0,0,sell
1766219513417,BTC-USDT,88346.0,0,sell
1766219513380,BTC-USDT,88346.1,0,buy
1766219513279,BTC-USDT,88346.0,0,sell
1766219513168,BTC-USDT,88346.1,0,buy
1766219513060,BTC-USDT,88346.1,0,buy
1766219513052,BTC-USDT,88346.0,0,sell
1766219513006,BTC-USDT,88346.0,0,sell
1766219512853,BTC-USDT,88346.0,0,sell
1766219512803,BTC-USDT,88346.1,0,buy
1766219512742,BTC-USDT,88346.1,0,buy
1766219512651,BTC-USDT,88346.0,0,sell
1766219512588,BTC-USDT,88346.1,0,buy
1766219512587,BTC-USDT,88346.1,0,buy
1766219512449,BTC-USDT,88346.1,0,buy
1766219512362,BTC-USDT,88346.1,0,buy
1766219512317,BTC-USDT,88346.0,0,sell
1766219512183,BTC-USDT,88346.0,0,sell
1766219512044,BTC-USDT,88346.0,0,sell
1766219511951,BTC-USDT,88346.1,0,buy
1766219511840,BTC-USDT,88346.1,0,buy
1766219511692,BTC-USDT,88346.1,0,buy
1766219511635,BTC-USDT,88346.1,0,buy
1766219511541,BTC-USDT,88346.1,0,buy
1766219511272,BTC-USDT,88346.1,0,buy
1766219511173,BTC-USDT,88346.0,0,sell
1766219511116,BTC-USDT,88346.0,0,sell
1766219511057,BTC-USDT,88346.0,0,sell
1766219511002,BTC-USDT,88346.0,0,sell
1766219510741,BTC-USDT,88346.0,0,sell
1766219510640,BTC-USDT,88346.1,0,buy
1766219510521,BTC-USDT,88346.0,0,sell
1766219510457,BTC-USDT,88346.1,0,buy
1766219510429,BTC-USDT,88346.1,0,buy
1766219510326,BTC-USDT,88346.1,0,buy
1766219510217,BTC-USDT,88346.0,0,sell
1766219510038,BTC-USDT,88346.1,0,buy
1766219509921,BTC-USDT,88346.1,0,buy
1766219509892,BTC-USDT,88346.0,0,sell
1766219509516,BTC-USDT,88346.1,0,buy
1766219509462,BTC-USDT,88346.1,0,buy
1766219509414,BTC-USDT,88346.1,0,buy
1766219509254,BTC-USDT,88346.1,0,buy
1766219509205,BTC-USDT,88346.1,0,buy
1766219509143,BTC-USDT,88346.1,0,buy
1766219508997,BTC-USDT,88346.1,0,buy
1766219508838,BTC-USDT,88346.0,0,sell
1766219508729,BTC-USDT,88346.0,0,sell
1766219508693,BTC-USDT,88346.0,0,sell
1766219508633,BTC-USDT,88346.1,0,buy
1766219508516,BTC-USDT,88346.0,0,sell
1766219508297,BTC-USDT,88346.1,0,buy
1766219508275,BTC-USDT,88346.0,0,sell
1766219508210,BTC-USDT,88346.0,0,sell
1766219507877,BTC-USDT,88346.0,0,sell
1766219507430,BTC-USDT,88346.0,0,sell
1766219507302,BTC-USDT,88346.1,0,buy
1766219507259,BTC-USDT,88346.0,0,sell
1766219507102,BTC-USDT,88346.0,0,sell
1766219507005,BTC-USDT,88346.0,0,sell
1766219506852,BTC-USDT,88346.0,0,sell
1766219506666,BTC-USDT,88346.0,0,sell
1766219506438,BTC-USDT,88346.1,0,buy
1766219506267,BTC-USDT,88346.0,0,sell
1766219506245,BTC-USDT,88346.0,0,sell
1766219506224,BTC-USDT,88346.1,0,buy
1766219506063,BTC-USDT,88346.0,0,sell
1766219506043,BTC-USDT,88346.1,0,buy
1766219505949,BTC-USDT,88346.1,0,buy
1766219505646,BTC-USDT,88346.1,0,buy
1766219505640,BTC-USDT,88346.1,0,buy
1766219505538,BTC-USDT,88346.1,0,buy
1766219505531,BTC-USDT,88346.0,0,sell
1766219505320,BTC-USDT,88346.1,0,buy
1766219505220,BTC-USDT,88346.0,0,sell
1766219505219,BTC-USDT,88346.1,0,buy
1766219505128,BTC-USDT,88346.0,0,sell
1766219505006,BTC-USDT,88346.1,0,buy
1766219504923,BTC-USDT,88346.0,0,sell
1766219504897,BTC-USDT,88346.0,0,sell
1766219504806,BTC-USDT,88346.0,0,sell
1766219504507,BTC-USDT,88346.1,0,buy
1766219504377,BTC-USDT,88346.1,0,buy
1766219504296,BTC-USDT,88346.1,0,buy
1766219504177,BTC-USDT,88346.1,0,buy
1766219504043,BTC-USDT,88346.0,0,sell
1766219503879,BTC-USDT,88346.1,0,buy
1766219503860,BTC-USDT,88346.0,0,sell
1766219503631,BTC-USDT,88346.0,0,sell
1766219503464,BTC-USDT,88346.0,0,sell
1766219503294,BTC-USDT,88346.1,0,buy
1766219503209,BTC-USDT,88346.0,0,sell
1766219503128,BTC-USDT,88346.0,0,sell
1766219502863,BTC-USDT,88346.0,0,sell
1766219502841,BTC-USDT,88346.1,0,buy
1766219502760,BTC-USDT,88346.1,0,buy
1766219502708,BTC-USDT,88346.0,0,sell
1766219502438,BTC-USDT,88346.0,0,sell
1766219502416,BTC-USDT,88346.1,0,buy
1766219502349,BTC-USDT,88346.0,0,sell
1766219502235,BTC-USDT,88346.1,0,buy
1766219502139,BTC-USDT,88346.0,0,sell
1766219502091,BTC-USDT,88348.6,0,buy
1766219502016,BTC-USDT,88348.6,0,buy
1766219502008,BTC-USDT,88348.6,0,buy
1766219501813,BTC-USDT,88348.6,0,buy
1766219501789,BTC-USDT,88348.6,0,buy
1766219501712,BTC-USDT,88346.0,0,sell
1766219501680,BTC-USDT,88348.6,0,buy
1766219501497,BTC-USDT,88348.6,0,buy
1766219501394,BTC-USDT,88348.0,0,sell
1766219501380,BTC-USDT,88348.0,0,sell
1766219501267,BTC-USDT,88348.0,0,sell
1766219501179,BTC-USDT,88348.6,0,buy
1766219501141,BTC-USDT,88348.0,0,sell
1766219501141,BTC-USDT,88350.0,0,sell
1766219501141,BTC-USDT,88350.0,0,sell
1766219501077,BTC-USDT,88351.0,0,buy
1766219500983,BTC-USDT,88351.0,0,buy
1766219500957,BTC-USDT,88350.9,0,sell
1766219500862,BTC-USDT,88351.0,0,buy
1766219500665,BTC-USDT,88350.9,0,sell
1766219500549,BTC-USDT,88350.9,0,sell
1766219500441,BTC-USDT,88351.0,0,buy
1766219500250,BTC-USDT,88351.0,0,buy
1766219500226,BTC-USDT,88350.9,0,sell
1766219500118,BTC-USDT,88351.0,0,buy
1766219500008,BTC-USDT,88351.0,0,buy
1766219499843,BTC-USDT,88350.9,0,sell
1766219499701,BTC-USDT,88351.0,0,buy
1766219499691,BTC-USDT,88350.9,0,sell
1766219499634,BTC-USDT,88350.9,0,sell
1766219499426,BTC-USDT,88351.0,0,buy
1766219499226,BTC-USDT,88350.9,0,sell
1766219499217,BTC-USDT,88350.9,0,sell
1766219499057,BTC-USDT,88351.0,0,buy
1766219498823,BTC-USDT,88351.0,0,buy
1766219498697,BTC-USDT,88351.0,0,buy
1766219498634,BTC-USDT,88350.9,0,sell
1766219498536,BTC-USDT,88350.9,0,sell
1766219498416,BTC-USDT,88350.9,0,sell
1766219498292,BTC-USDT,88351.0,0,buy
1766219498215,BTC-USDT,88350.9,0,sell
1766219498108,BTC-USDT,88351.0,0,buy
1766219498017,BTC-USDT,88350.9,0,sell
1766219497998,BTC-USDT,88350.9,0,sell
1766219497866,BTC-USDT,88350.9,0,sell
1766219497676,BTC-USDT,88350.9,0,sell
1766219497446,BTC-USDT,88350.9,0,sell
1766219497403,BTC-USDT,88350.9,0,sell
1766219497318,BTC-USDT,88351.0,0,buy
1766219497258,BTC-USDT,88350.9,0,sell
1766219497197,BTC-USDT,88351.0,0,buy
1766219497027,BTC-USDT,88351.0,0,buy
1766219496917,BTC-USDT,88351.0,0,buy
1766219496855,BTC-USDT,88351.0,0,buy
1766219496715,BTC-USDT,88350.9,0,sell
1766219496612,BTC-USDT,88351.0,0,buy
1766219496440,BTC-USDT,88351.0,0,buy
1766219496405,BTC-USDT,88350.9,0,sell
1766219496277,BTC-USDT,88351.0,0,buy
1766219495701,BTC-USDT,88350.9,0,sell
1766219495610,BTC-USDT,88350.9,0,sell
1766219495399,BTC-USDT,88351.0,0,buy
1766219495284,BTC-USDT,88350.9,0,sell
1766219495050,BTC-USDT,88350.9,0,sell
1766219494943,BTC-USDT,88350.9,0,sell
1766219494879,BTC-USDT,88350.9,0,sell
1766219494655,BTC-USDT,88351.0,0,buy
1766219494528,BTC-USDT,88350.9,0,sell
1766219494424,BTC-USDT,88351.0,0,buy
1766219494412,BTC-USDT,88350.9,0,sell
1766219494244,BTC-USDT,88351.0,0,buy
1766219494121,BTC-USDT,88350.9,0,sell
1766219494025,BTC-USDT,88350.9,0,sell
1766219493699,BTC-USDT,88351.0,0,buy
1766219493623,BTC-USDT,88351.0,0,buy
1766219493620,BTC-USDT,88351.0,0,buy
1766219493420,BTC-USDT,88351.0,0,buy
1766219493283,BTC-USDT,88351.0,0,buy
1766219493220,BTC-USDT,88351.0,0,buy
1766219493200,BTC-USDT,88351.0,0,buy
1766219493081,BTC-USDT,88351.0,0,buy
1766219492900,BTC-USDT,88351.0,0,buy
1766219492875,BTC-USDT,88351.0,0,buy
1766219492811,BTC-USDT,88351.0,0,buy
1766219492500,BTC-USDT,88350.9,0,sell
1766219492463,BTC-USDT,88350.9,0,sell
1766219492397,BTC-USDT,88351.0,0,buy
1766219492298,BTC-USDT,88350.9,0,sell
1766219492050,BTC-USDT,88351.0,0,buy
1766219491893,BTC-USDT,88350.9,0,sell
1766219491633,BTC-USDT,88351.0,0,buy
1766219491478,BTC-USDT,88350.9,0,sell
1766219491441,BTC-USDT,88350.9,0,sell
1766219491417,BTC-USDT,88351.0,0,buy
1766219491208,BTC-USDT,88351.0,0,buy
1766219491165,BTC-USDT,88351.0,0,buy
1766219491022,BTC-USDT,88350.9,0,sell
1766219491005,BTC-USDT,88350.9,0,sell
1766219490828,BTC-USDT,88351.0,0,buy
1766219490755,BTC-USDT,88350.9,0,sell
1766219490601,BTC-USDT,88350.9,0,sell
1766219490423,BTC-USDT,88351.0,0,buy
1766219490395,BTC-USDT,88350.9,0,sell
1766219490335,BTC-USDT,88350.9,0,sell
1766219490175,BTC-USDT,88351.0,0,buy
1766219489909,BTC-USDT,88350.9,0,sell
1766219489703,BTC-USDT,88351.0,0,buy
1766219489697,BTC-USDT,88351.0,0,buy
1766219489601,BTC-USDT,88350.9,0,sell
1766219489494,BTC-USDT,88350.9,0,sell
1766219489397,BTC-USDT,88350.9,0,sell
1766219489304,BTC-USDT,88350.9,0,sell
1766219489299,BTC-USDT,88351.0,0,buy
1766219489197,BTC-USDT,88351.0,0,buy
1766219489081,BTC-USDT,88351.0,0,buy
1766219488995,BTC-USDT,88350.9,0,sell
1766219488870,BTC-USDT,88350.9,0,sell
1766219488685,BTC-USDT,88350.9,0,sell
1766219488682,BTC-USDT,88350.9,0,sell
1766219488667,BTC-USDT,88350.9,0,sell
1766219488482,BTC-USDT,88350.9,0,sell
1766219488450,BTC-USDT,88351.0,0,buy
1766219488272,BTC-USDT,88351.0,0,buy
1766219488049,BTC-USDT,88350.9,0,sell
1766219488041,BTC-USDT,88350.9,0,sell
1766219487853,BTC-USDT,88351.0,0,buy
1766219487851,BTC-USDT,88351.0,0,buy
1766219487831,BTC-USDT,88350.9,0,sell
1766219487649,BTC-USDT,88350.9,0,sell
1766219487443,BTC-USDT,88351.0,0,buy
1766219487414,BTC-USDT,88351.0,0,buy
1766219487105,BTC-USDT,88350.9,0,sell
1766219487023,BTC-USDT,88351.0,0,buy
1766219486842,BTC-USDT,88350.9,0,sell
1766219486817,BTC-USDT,88351.0,0,buy
1766219486703,BTC-USDT,88350.9,0,sell
1766219486613,BTC-USDT,88350.9,0,sell
1766219486440,BTC-USDT,88351.0,0,buy
1766219486301,BTC-USDT,88351.0,0,buy
1766219486293,BTC-USDT,88351.0,0,buy
1766219486093,BTC-USDT,88351.0,0,buy
1766219486018,BTC-USDT,88350.9,0,sell
1766219485880,BTC-USDT,88350.9,0,sell
1766219485678,BTC-USDT,88350.9,0,sell
1766219485474,BTC-USDT,88350.9,0,sell
1766219485400,BTC-USDT,88350.9,0,sell
1766219485061,BTC-USDT,88350.9,0,sell
1766219485036,BTC-USDT,88350.9,0,sell
1766219484645,BTC-USDT,88350.9,0,sell
1766219484240,BTC-USDT,88350.9,0,sell
1766219484186,BTC-USDT,88351.0,0,buy
1766219484068,BTC-USDT,88351.0,0,buy
1766219484039,BTC-USDT,88350.9,0,sell
1766219483977,BTC-USDT,88351.0,0,buy
1766219483949,BTC-USDT,88350.9,0,sell
1766219483621,BTC-USDT,88350.9,0,sell
1766219483517,BTC-USDT,88351.0,0,buy
1766219483447,BTC-USDT,88350.9,0,sell
1766219483308,BTC-USDT,88351.0,0,buy
1766219483271,BTC-USDT,88350.9,0,sell
1766219483245,BTC-USDT,88350.9,0,sell
1766219483204,BTC-USDT,88351.0,0,buy
1766219483002,BTC-USDT,88350.9,0,sell
1766219482894,BTC-USDT,88351.0,0,buy
1766219482879,BTC-USDT,88350.9,0,sell
1766219482859,BTC-USDT,88350.9,0,sell
1766219482689,BTC-USDT,88350.9,0,sell
1766219482545,BTC-USDT,88350.9,0,sell
1766219482474,BTC-USDT,88350.9,0,sell
1766219482442,BTC-USDT,88351.0,0,buy
1766219482314,BTC-USDT,88350.9,0,sell
1766219482281,BTC-USDT,88351.0,0,buy
1766219482055,BTC-USDT,88350.9,0,sell
1766219481909,BTC-USDT,88351.0,0,buy
1766219481863,BTC-USDT,88350.9,0,sell
1766219481830,BTC-USDT,88350.9,0,sell
1766219481640,BTC-USDT,88351.0,0,buy
1766219481489,BTC-USDT,88351.0,0,buy
1766219481450,BTC-USDT,88350.9,0,sell
1766219481435,BTC-USDT,88351.0,0,buy
1766219481426,BTC-USDT,88351.0,0,buy
1766219481271,BTC-USDT,88350.9,0,sell
1766219481024,BTC-USDT,88350.9,0,sell
1766219481021,BTC-USDT,88350.9,0,sell
1766219481017,BTC-USDT,88350.9,0,sell
1766219480868,BTC-USDT,88351.0,0,buy
1766219480824,BTC-USDT,88351.0,0,buy
1766219480601,BTC-USDT,88351.0,0,buy
1766219480518,BTC-USDT,88350.9,0,sell
1766219480458,BTC-USDT,88351.0,0,buy
1766219480419,BTC-USDT,88351.0,0,buy
1766219480192,BTC-USDT,88350.9,0,sell
1766219480014,BTC-USDT,88350.9,0,sell
1766219479848,BTC-USDT,88350.9,0,sell
1766219479848,BTC-USDT,88351.0,0,buy
1766219479646,BTC-USDT,88351.0,0,buy
1766219479613,BTC-USDT,88351.0,0,buy
1766219479432,BTC-USDT,88350.9,0,sell
1766219479411,BTC-USDT,88351.0,0,buy
1766219479224,BTC-USDT,88351.0,0,buy
1766219479001,BTC-USDT,88351.0,0,buy
1766219478866,BTC-USDT,88351.0,0,buy
1766219478820,BTC-USDT,88350.9,0,sell
1766219478817,BTC-USDT,88350.9,0,sell
1766219478463,BTC-USDT,88350.9,0,sell
1766219478411,BTC-USDT,88350.9,0,sell
1766219478404,BTC-USDT,88351.0,0,buy
1766219478402,BTC-USDT,88351.0,0,buy
1766219478261,BTC-USDT,88351.0,0,buy
1766219478000,BTC-USDT,88351.0,0,buy
1766219477987,BTC-USDT,88351.0,0,buy
1766219477828,BTC-USDT,88350.9,0,sell
1766219477801,BTC-USDT,88350.9,0,sell
1766219477596,BTC-USDT,88351.0,0,buy
1766219477486,BTC-USDT,88351.0,0,buy
1766219477412,BTC-USDT,88351.0,0,buy
1766219477213,BTC-USDT,88349.0,0,sell
1766219477213,BTC-USDT,88350.0,0,sell
1766219476976,BTC-USDT,88351.0,0,buy
1766219476846,BTC-USDT,88350.0,0,sell
1766219476846,BTC-USDT,88350.9,0,sell
1766219476810,BTC-USDT,88351.0,0,buy
1766219476676,BTC-USDT,88351.0,0,buy
1766219476435,BTC-USDT,88350.3,0,sell
1766219476387,BTC-USDT,88351.8,0,buy
1766219476387,BTC-USDT,88351.0,0,buy
1766219476229,BTC-USDT,88350.3,0,sell
1766219476050,BTC-USDT,88350.3,0,sell
1766219476014,BTC-USDT,88350.3,0,sell
1766219476014,BTC-USDT,88350.9,0,sell
1766219475810,BTC-USDT,88350.9,0,sell
1766219475417,BTC-USDT,88351.7,0,buy
1766219475215,BTC-USDT,88350.9,0,sell
1766219475191,BTC-USDT,88351.7,0,buy
1766219475042,BTC-USDT,88351.7,0,buy
1766219475042,BTC-USDT,88351.0,0,buy
1766219474993,BTC-USDT,88351.0,0,buy
1766219474832,BTC-USDT,88350.9,0,sell
1766219474807,BTC-USDT,88350.9,0,sell
1766219474627,BTC-USDT,88351.0,0,buy
1766219474606,BTC-USDT,88351.0,0,buy
1766219474429,BTC-USDT,88351.0,0,buy
1766219474389,BTC-USDT,88351.0,0,buy
1766219474224,BTC-USDT,88348.9,0,sell
1766219474176,BTC-USDT,88348.9,0,sell
1766219474073,BTC-USDT,88351.0,0,buy
1766219473817,BTC-USDT,88351.0,0,buy
1766219473663,BTC-USDT,88348.9,0,sell
1766219473641,BTC-USDT,88350.9,0,buy
1766219473316,BTC-USDT,88352.0,0,buy
1766219473243,BTC-USDT,88352.0,0,buy
1766219473181,BTC-USDT,88348.7,0,sell
1766219473101,BTC-USDT,88348.7,0,sell
1766219473039,BTC-USDT,88352.0,0,buy
1766219473039,BTC-USDT,88351.3,0,buy
1766219473039,BTC-USDT,88351.0,0,buy
1766219473039,BTC-USDT,88350.9,0,buy
1766219473039,BTC-USDT,88348.8,0,buy
1766219473033,BTC-USDT,88348.8,0,buy
1766219472972,BTC-USDT,88348.7,0,sell
1766219472854,BTC-USDT,88348.8,0,buy
1766219472696,BTC-USDT,88348.7,0,sell
1766219472514,BTC-USDT,88349.8,0,buy
1766219472405,BTC-USDT,88346.0,0,sell
1766219472288,BTC-USDT,88348.8,0,buy
1766219472245,BTC-USDT,88348.8,0,buy
1766219472088,BTC-USDT,88346.0,0,sell
1766219472083,BTC-USDT,88348.8,0,buy
1766219471977,BTC-USDT,88348.8,0,buy
1766219471816,BTC-USDT,88348.8,0,buy
1766219471765,BTC-USDT,88346.0,0,sell
1766219471672,BTC-USDT,88348.8,0,buy
1766219471672,BTC-USDT,88346.1,0,buy
1766219471473,BTC-USDT,88345.3,0,buy
1766219471459,BTC-USDT,88345.3,0,buy
1766219471392,BTC-USDT,88345.3,0,buy
1766219471340,BTC-USDT,88345.3,0,buy
1766219471258,BTC-USDT,88345.3,0,buy
1766219471036,BTC-USDT,88345.1,0,sell
1766219470981,BTC-USDT,88345.1,0,sell
1766219470928,BTC-USDT,88345.3,0,buy
1766219470854,BTC-USDT,88345.1,0,sell
1766219470854,BTC-USDT,88345.2,0,sell
1766219470827,BTC-USDT,88345.3,0,buy
1766219470643,BTC-USDT,88345.2,0,buy
1766219470607,BTC-USDT,88345.2,0,buy
1766219470526,BTC-USDT,88345.1,0,sell
1766219470371,BTC-USDT,88345.2,0,buy
1766219470323,BTC-USDT,88345.2,0,buy
1766219470201,BTC-USDT,88345.2,0,buy
1766219470035,BTC-USDT,88345.2,0,sell
1766219470017,BTC-USDT,88345.2,0,sell
1766219469997,BTC-USDT,88345.3,0,buy
1766219469945,BTC-USDT,88345.2,0,sell
1766219469682,BTC-USDT,88345.3,0,buy
1766219469478,BTC-USDT,88345.3,0,buy
1766219469477,BTC-USDT,88345.2,0,sell
1766219469413,BTC-USDT,88345.2,0,sell
1766219469070,BTC-USDT,88345.3,0,buy
1766219469064,BTC-USDT,88345.2,0,sell
1766219469062,BTC-USDT,88345.2,0,sell
1766219469006,BTC-USDT,88345.3,0,buy
1766219468991,BTC-USDT,88345.2,0,sell
1766219468910,BTC-USDT,88345.2,0,sell
1766219468865,BTC-USDT,88345.3,0,buy
1766219468856,BTC-USDT,88345.3,0,buy
1766219468639,BTC-USDT,88345.3,0,buy
1766219468629,BTC-USDT,88345.2,0,sell
1766219468503,BTC-USDT,88345.2,0,sell
1766219468458,BTC-USDT,88345.3,0,buy
1766219468422,BTC-USDT,88345.3,0,buy
1766219468250,BTC-USDT,88345.2,0,sell
1766219468100,BTC-USDT,88345.2,0,sell
1766219468018,BTC-USDT,88345.2,0,sell
1766219467987,BTC-USDT,88345.3,0,buy
1766219467813,BTC-USDT,88345.2,0,sell
1766219467691,BTC-USDT,88345.2,0,sell
1766219467677,BTC-USDT,88345.2,0,sell
1766219467666,BTC-USDT,88345.2,0,sell
1766219467619,BTC-USDT,88345.3,0,buy
1766219467280,BTC-USDT,88345.3,0,buy
1766219467258,BTC-USDT,88345.2,0,sell
1766219467197,BTC-USDT,88345.3,0,buy
1766219467194,BTC-USDT,88345.3,0,buy
1766219467062,BTC-USDT,88345.2,0,sell
1766219466836,BTC-USDT,88345.2,0,sell
1766219466795,BTC-USDT,88345.2,0,sell
1766219466637,BTC-USDT,88345.2,0,sell
1766219466580,BTC-USDT,88345.3,0,buy
1766219466434,BTC-USDT,88345.3,0,buy
1766219466400,BTC-USDT,88345.3,0,buy
1766219466222,BTC-USDT,88345.3,0,buy
1766219466017,BTC-USDT,88345.2,0,sell
1766219465989,BTC-USDT,88345.2,0,sell
1766219465813,BTC-USDT,88345.3,0,buy
1766219465601,BTC-USDT,88345.2,0,sell
1766219465557,BTC-USDT,88345.3,0,buy
1766219465496,BTC-USDT,88345.3,0,buy
1766219465401,BTC-USDT,88345.2,0,sell
1766219465397,BTC-USDT,88345.3,0,buy
1766219465083,BTC-USDT,88345.3,0,buy
1766219465066,BTC-USDT,88345.2,0,sell
1766219464995,BTC-USDT,88345.3,0,buy
1766219464972,BTC-USDT,88345.3,0,buy
1766219464795,BTC-USDT,88345.2,0,sell
1766219464678,BTC-USDT,88345.2,0,sell
1766219464596,BTC-USDT,88345.3,0,buy
1766219464440,BTC-USDT,88345.2,0,sell
1766219464402,BTC-USDT,88345.2,0,sell
1766219464254,BTC-USDT,88345.2,0,sell
1766219464183,BTC-USDT,88345.3,0,buy
1766219464026,BTC-USDT,88345.3,0,buy
1766219463976,BTC-USDT,88345.2,0,sell
1766219463972,BTC-USDT,88345.2,0,sell
1766219463824,BTC-USDT,88345.3,0,buy
1766219463624,BTC-USDT,88345.3,0,buy
1766219463607,BTC-USDT,88345.2,0,sell
1766219463471,BTC-USDT,88345.3,0,buy
1766219463313,BTC-USDT,88345.3,0,buy
1766219463221,BTC-USDT,88345.3,0,buy
1766219462889,BTC-USDT,88345.2,0,sell
1766219462853,BTC-USDT,88345.2,0,sell
1766219462795,BTC-USDT,88345.3,0,buy
1766219462470,BTC-USDT,88345.2,0,sell
1766219462450,BTC-USDT,88345.3,0,buy
1766219462384,BTC-USDT,88345.3,0,buy
1766219462291,BTC-USDT,88345.3,0,buy
1766219462060,BTC-USDT,88345.3,0,buy
1766219461974,BTC-USDT,88345.3,0,buy
1766219461868,BTC-USDT,88345.2,0,sell
1766219461701,BTC-USDT,88345.2,0,sell
1766219461633,BTC-USDT,88345.2,0,sell
1766219461627,BTC-USDT,88345.3,0,buy
1766219461456,BTC-USDT,88345.3,0,buy
1766219461431,BTC-USDT,88345.3,0,buy
1766219461295,BTC-USDT,88345.3,0,buy
1766219461241,BTC-USDT,88345.2,0,sell
1766219461005,BTC-USDT,88345.3,0,buy
1766219460884,BTC-USDT,88345.3,0,buy
1766219460839,BTC-USDT,88345.2,0,sell
1766219460820,BTC-USDT,88345.3,0,buy
