timestamp,symbol,price,size,side
1766134867974,BTC-USDT,88079.9,0,buy
1766134867974,BTC-USDT,88079.9,0,buy
1766134867974,BTC-USDT,88079.9,0,buy
1766134867974,BTC-USDT,88079.9,0,buy
1766134867974,BTC-USDT,88076.9,0,buy
1766134867142,BTC-USDT,88076.9,0,buy
1766134867142,BTC-USDT,88076.9,0,buy
1766134867142,BTC-USDT,88076.9,0,buy
1766134867142,BTC-USDT,88076.9,0,buy
1766134867142,BTC-USDT,88075.5,0,buy
1766134867142,BTC-USDT,88074.0,0,buy
1766134867142,BTC-USDT,88073.0,0,buy
1766134867142,BTC-USDT,88071.7,0,buy
1766134867142,BTC-USDT,88069.2,0,buy
1766134867142,BTC-USDT,88068.5,0,buy
1766134867142,BTC-USDT,88065.2,0,buy
1766134867142,BTC-USDT,88064.5,0,buy
1766134867142,BTC-USDT,88063.5,0,buy
1766134867142,BTC-USDT,88062.5,0,buy
1766134867142,BTC-USDT,88058.8,0,buy
1766134867142,BTC-USDT,88058.0,0,buy
1766134867142,BTC-USDT,88057.4,0,buy
1766134866974,BTC-USDT,88057.4,0,buy
1766134866974,BTC-USDT,88057.4,0,buy
1766134866974,BTC-USDT,88056.4,0,buy
1766134866974,BTC-USDT,88056.4,0,buy
1766134866974,BTC-USDT,88055.1,0,buy
1766134866974,BTC-USDT,88055.1,0,buy
1766134866974,BTC-USDT,88054.2,0,buy
1766134866974,BTC-USDT,88053.9,0,buy
1766134866974,BTC-USDT,88051.8,0,buy
1766134866974,BTC-USDT,88051.5,0,buy
1766134866974,BTC-USDT,88050.0,0,buy
1766134866974,BTC-USDT,88046.1,0,buy
1766134866974,BTC-USDT,88041.5,0,buy
1766134866974,BTC-USDT,88040.0,0,buy
1766134866974,BTC-USDT,88039.5,0,buy
1766134866974,BTC-USDT,88033.8,0,buy
1766134866974,BTC-USDT,88031.1,0,buy
1766134866974,BTC-USDT,88027.0,0,buy
1766134866974,BTC-USDT,88023.0,0,buy
1766134866974,BTC-USDT,88014.6,0,buy
1766134866425,BTC-USDT,87858.8,0,sell
1766134866425,BTC-USDT,87860.0,0,sell
1766134866425,BTC-USDT,87860.2,0,sell
1766134866425,BTC-USDT,87860.6,0,sell
1766134866425,BTC-USDT,87862.3,0,sell
1766134866425,BTC-USDT,87862.7,0,sell
1766134866425,BTC-USDT,87862.9,0,sell
1766134866425,BTC-USDT,87863.5,0,sell
1766134866425,BTC-USDT,87863.6,0,sell
1766134866425,BTC-USDT,87864.1,0,sell
1766134866425,BTC-USDT,87864.8,0,sell
1766134866425,BTC-USDT,87864.9,0,sell
1766134866425,BTC-USDT,87865.1,0,sell
1766134866425,BTC-USDT,87865.8,0,sell
1766134866425,BTC-USDT,87866.6,0,sell
1766134866425,BTC-USDT,87866.7,0,sell
1766134866425,BTC-USDT,87867.4,0,sell
1766134866425,BTC-USDT,87872.7,0,sell
1766134866425,BTC-USDT,87873.7,0,sell
1766134866425,BTC-USDT,87874.4,0,sell
1766134866425,BTC-USDT,87874.9,0,sell
1766134866425,BTC-USDT,87875.0,0,sell
1766134866425,BTC-USDT,87875.4,0,sell
1766134866425,BTC-USDT,87877.2,0,sell
1766134866425,BTC-USDT,87880.0,0,sell
1766134866425,BTC-USDT,87880.4,0,sell
1766134866425,BTC-USDT,87881.4,0,sell
1766134866425,BTC-USDT,87882.0,0,sell
1766134866425,BTC-USDT,87882.3,0,sell
1766134866425,BTC-USDT,87884.0,0,sell
1766134866425,BTC-USDT,87884.6,0,sell
1766134866425,BTC-USDT,87884.7,0,sell
1766134866425,BTC-USDT,87886.1,0,sell
1766134866425,BTC-USDT,87887.5,0,sell
1766134866425,BTC-USDT,87888.7,0,sell
1766134866425,BTC-USDT,87888.8,0,sell
1766134866425,BTC-USDT,87889.5,0,sell
1766134866425,BTC-USDT,87890.3,0,sell
1766134866425,BTC-USDT,87890.9,0,sell
1766134866425,BTC-USDT,87891.8,0,sell
1766134866425,BTC-USDT,87891.9,0,sell
1766134866425,BTC-USDT,87892.0,0,sell
1766134866425,BTC-USDT,87894.3,0,sell
1766134866425,BTC-USDT,87894.7,0,sell
1766134866425,BTC-USDT,87894.9,0,sell
1766134866425,BTC-USDT,87895.2,0,sell
1766134866425,BTC-USDT,87897.4,0,sell
1766134866425,BTC-USDT,87898.1,0,sell
1766134866425,BTC-USDT,87899.1,0,sell
1766134866425,BTC-USDT,87900.0,0,sell
1766134866425,BTC-USDT,87901.1,0,sell
1766134866425,BTC-USDT,87903.2,0,sell
1766134866425,BTC-USDT,87907.2,0,sell
1766134866425,BTC-USDT,87907.9,0,sell
1766134866425,BTC-USDT,87908.1,0,sell
1766134866425,BTC-USDT,87908.5,0,sell
1766134866425,BTC-USDT,87908.7,0,sell
1766134866425,BTC-USDT,87911.1,0,sell
1766134866425,BTC-USDT,87911.5,0,sell
1766134866425,BTC-USDT,87911.7,0,sell
1766134866425,BTC-USDT,87911.9,0,sell
1766134866425,BTC-USDT,87913.0,0,sell
1766134866425,BTC-USDT,87914.1,0,sell
1766134866425,BTC-USDT,87916.1,0,sell
1766134866425,BTC-USDT,87916.2,0,sell
1766134866425,BTC-USDT,87916.6,0,sell
1766134866425,BTC-USDT,87916.7,0,sell
1766134866425,BTC-USDT,87917.7,0,sell
1766134866425,BTC-USDT,87918.3,0,sell
1766134866425,BTC-USDT,87920.0,0,sell
1766134866425,BTC-USDT,87921.1,0,sell
1766134866425,BTC-USDT,87922.9,0,sell
1766134866425,BTC-USDT,87923.0,0,sell
1766134866425,BTC-USDT,87923.1,0,sell
1766134866425,BTC-USDT,87924.1,0,sell
1766134866425,BTC-USDT,87925.9,0,sell
1766134866425,BTC-USDT,87926.7,0,sell
1766134866425,BTC-USDT,87927.1,0,sell
1766134866425,BTC-USDT,87928.5,0,sell
1766134866425,BTC-USDT,87929.8,0,sell
1766134866425,BTC-USDT,87930.2,0,sell
1766134866425,BTC-USDT,87931.0,0,sell
1766134866425,BTC-USDT,87933.3,0,sell
1766134866425,BTC-USDT,87935.5,0,sell
1766134866425,BTC-USDT,87937.5,0,sell
1766134866425,BTC-USDT,87938.1,0,sell
1766134866425,BTC-USDT,87938.5,0,sell
1766134866425,BTC-USDT,87938.6,0,sell
1766134866425,BTC-USDT,87939.0,0,sell
1766134866425,BTC-USDT,87939.2,0,sell
1766134866425,BTC-USDT,87939.3,0,sell
1766134866425,BTC-USDT,87940.0,0,sell
1766134866425,BTC-USDT,87941.1,0,sell
1766134866425,BTC-USDT,87941.8,0,sell
1766134866425,BTC-USDT,87942.8,0,sell
1766134866425,BTC-USDT,87943.1,0,sell
1766134866425,BTC-USDT,87943.5,0,sell
1766134866425,BTC-USDT,87944.0,0,sell
1766134866425,BTC-USDT,87944.8,0,sell
1766134866425,BTC-USDT,87945.9,0,sell
1766134866425,BTC-USDT,87948.8,0,sell
1766134866425,BTC-USDT,87949.7,0,sell
1766134866425,BTC-USDT,87949.8,0,sell
1766134866425,BTC-USDT,87950.0,0,sell
1766134866425,BTC-USDT,87952.7,0,sell
1766134866425,BTC-USDT,87953.7,0,sell
1766134866425,BTC-USDT,87960.0,0,sell
1766134866425,BTC-USDT,87961.2,0,sell
1766134866425,BTC-USDT,87963.0,0,sell
1766134866425,BTC-USDT,87964.7,0,sell
1766134866425,BTC-USDT,87965.0,0,sell
1766134866425,BTC-USDT,87965.2,0,sell
1766134866425,BTC-USDT,87966.4,0,sell
1766134866425,BTC-USDT,87967.9,0,sell
1766134866425,BTC-USDT,87968.7,0,sell
1766134866425,BTC-USDT,87973.5,0,sell
1766134866425,BTC-USDT,87975.5,0,sell
1766134866425,BTC-USDT,87976.2,0,sell
1766134866425,BTC-USDT,87976.8,0,sell
1766134866425,BTC-USDT,87977.0,0,sell
1766134866425,BTC-USDT,87978.5,0,sell
1766134866425,BTC-USDT,87980.0,0,sell
1766134866425,BTC-USDT,87980.5,0,sell
1766134866425,BTC-USDT,87980.7,0,sell
1766134866425,BTC-USDT,87982.9,0,sell
1766134866425,BTC-USDT,87984.5,0,sell
1766134866425,BTC-USDT,87984.6,0,sell
1766134866425,BTC-USDT,87985.4,0,sell
1766134866425,BTC-USDT,87991.2,0,sell
1766134866425,BTC-USDT,87991.9,0,sell
1766134866425,BTC-USDT,87992.0,0,sell
1766134866425,BTC-USDT,87992.9,0,sell
1766134866425,BTC-USDT,87993.8,0,sell
1766134866425,BTC-USDT,87996.8,0,sell
1766134866425,BTC-USDT,87997.3,0,sell
1766134866425,BTC-USDT,87997.7,0,sell
1766134866425,BTC-USDT,87998.5,0,sell
1766134866425,BTC-USDT,87999.9,0,sell
1766134866425,BTC-USDT,88000.0,0,sell
1766134866425,BTC-USDT,88013.3,0,sell
1766134866425,BTC-USDT,88014.6,0,sell
1766134866425,BTC-USDT,88098.1,0,sell
1766134866425,BTC-USDT,88098.5,0,sell
1766134866425,BTC-USDT,88098.9,0,sell
1766134866425,BTC-USDT,88100.6,0,sell
1766134866425,BTC-USDT,88101.0,0,sell
1766134866425,BTC-USDT,88102.0,0,sell
1766134866425,BTC-USDT,88102.1,0,sell
1766134866425,BTC-USDT,88103.0,0,sell
1766134866142,BTC-USDT,88114.8,0,sell
1766134866142,BTC-USDT,88114.8,0,sell
1766134853642,BTC-USDT,88111.0,0,buy
1766134853642,BTC-USDT,88110.7,0,buy
1766134853642,BTC-USDT,88110.3,0,buy
1766134853642,BTC-USDT,88110.0,0,buy
1766134853642,BTC-USDT,88109.7,0,buy
1766134853642,BTC-USDT,88109.7,0,buy
1766134853270,BTC-USDT,88109.5,0,buy
1766134837623,BTC-USDT,88109.5,0,buy
1766134837223,BTC-USDT,88109.5,0,buy
1766134836824,BTC-USDT,88109.5,0,buy
1766134836424,BTC-USDT,88109.7,0,buy
1766134835642,BTC-USDT,88102.9,0,buy
1766134835642,BTC-USDT,88102.5,0,buy
1766134835642,BTC-USDT,88102.1,0,buy
1766134835642,BTC-USDT,88101.7,0,buy
1766134835642,BTC-USDT,88101.3,0,buy
1766134835642,BTC-USDT,88101.3,0,buy
1766134834642,BTC-USDT,88095.1,0,buy
1766134834642,BTC-USDT,88094.7,0,buy
1766134834642,BTC-USDT,88094.3,0,buy
1766134834642,BTC-USDT,88094.3,0,buy
1766134834642,BTC-USDT,88094.3,0,buy
1766134834642,BTC-USDT,88094.3,0,buy
1766134834642,BTC-USDT,88094.3,0,buy
1766134833642,BTC-USDT,88087.0,0,buy
1766134833642,BTC-USDT,88086.0,0,buy
1766134833642,BTC-USDT,88086.0,0,buy
1766134833642,BTC-USDT,88086.0,0,buy
1766134831668,BTC-USDT,88083.2,0,sell
1766134831642,BTC-USDT,88081.9,0,buy
1766134831642,BTC-USDT,88081.0,0,buy
1766134831642,BTC-USDT,88080.2,0,buy
1766134831642,BTC-USDT,88080.0,0,buy
1766134831642,BTC-USDT,88080.0,0,buy
1766134831642,BTC-USDT,88078.8,0,buy
1766134829095,BTC-USDT,88077.9,0,sell
1766134828687,BTC-USDT,88077.9,0,sell
1766134828606,BTC-USDT,88078.0,0,buy
1766134828572,BTC-USDT,88078.0,0,buy
1766134826923,BTC-USDT,88078.0,0,buy
1766134825328,BTC-USDT,88078.1,0,buy
1766134824808,BTC-USDT,88078.2,0,buy
1766134824642,BTC-USDT,88082.9,0,sell
1766134824642,BTC-USDT,88083.3,0,sell
1766134824642,BTC-USDT,88083.5,0,sell
1766134824642,BTC-USDT,88084.0,0,sell
1766134824642,BTC-USDT,88084.4,0,sell
1766134824642,BTC-USDT,88084.4,0,sell
1766134824599,BTC-USDT,88084.8,0,buy
1766134824599,BTC-USDT,88084.7,0,buy
1766134824599,BTC-USDT,88084.6,0,buy
1766134824528,BTC-USDT,88084.6,0,buy
1766134824528,BTC-USDT,88084.6,0,buy
1766134824528,BTC-USDT,88084.6,0,buy
1766134823725,BTC-USDT,88084.6,0,buy
1766134822172,BTC-USDT,88084.6,0,buy
1766134822123,BTC-USDT,88084.6,0,buy
1766134820642,BTC-USDT,88084.7,0,sell
1766134820572,BTC-USDT,88087.2,0,buy
1766134820523,BTC-USDT,88087.2,0,buy
1766134820523,BTC-USDT,88087.2,0,buy
1766134819974,BTC-USDT,88087.3,0,sell
1766134819800,BTC-USDT,88087.9,0,buy
1766134819800,BTC-USDT,88087.5,0,buy
1766134819774,BTC-USDT,88087.5,0,buy
1766134819774,BTC-USDT,88087.4,0,buy
1766134819730,BTC-USDT,88087.4,0,buy
1766134819723,BTC-USDT,88087.4,0,buy
1766134818929,BTC-USDT,88087.4,0,buy
1766134818923,BTC-USDT,88087.4,0,buy
1766134818172,BTC-USDT,88087.5,0,buy
1766134818172,BTC-USDT,88087.4,0,buy
1766134818172,BTC-USDT,88087.4,0,buy
1766134818172,BTC-USDT,88087.4,0,buy
1766134818124,BTC-USDT,88087.4,0,buy
1766134818124,BTC-USDT,88087.4,0,buy
1766134817400,BTC-USDT,88087.4,0,buy
1766134817324,BTC-USDT,88087.4,0,buy
1766134816606,BTC-USDT,88087.5,0,buy
1766134815799,BTC-USDT,88087.5,0,buy
1766134815799,BTC-USDT,88087.5,0,buy
1766134815774,BTC-USDT,88087.5,0,buy
1766134815629,BTC-USDT,88087.5,0,buy
1766134815000,BTC-USDT,88087.5,0,buy
1766134814930,BTC-USDT,88087.5,0,buy
1766134814928,BTC-USDT,88087.5,0,buy
1766134814529,BTC-USDT,88088.2,0,buy
1766134814529,BTC-USDT,88087.9,0,buy
1766134814529,BTC-USDT,88087.5,0,buy
1766134814200,BTC-USDT,88087.5,0,buy
1766134814123,BTC-USDT,88087.5,0,buy
1766134813429,BTC-USDT,88088.0,0,buy
1766134813429,BTC-USDT,88087.5,0,buy
1766134813330,BTC-USDT,88087.5,0,buy
1766134813329,BTC-USDT,88087.5,0,buy
1766134812529,BTC-USDT,88087.5,0,buy
1766134812529,BTC-USDT,88087.5,0,buy
1766134812524,BTC-USDT,88087.5,0,buy
1766134812330,BTC-USDT,88087.5,0,buy
1766134811723,BTC-USDT,88087.5,0,buy
1766134811723,BTC-USDT,88087.5,0,buy
1766134811723,BTC-USDT,88087.5,0,buy
1766134811230,BTC-USDT,88087.5,0,buy
1766134811000,BTC-USDT,88087.5,0,buy
1766134810972,BTC-USDT,88087.5,0,buy
1766134810930,BTC-USDT,88087.5,0,buy
1766134810130,BTC-USDT,88088.0,0,buy
1766134810129,BTC-USDT,88088.0,0,buy
1766134810129,BTC-USDT,88087.5,0,buy
1766134809642,BTC-USDT,88089.0,0,sell
1766134809399,BTC-USDT,88090.0,0,buy
1766134809399,BTC-USDT,88090.0,0,buy
1766134809372,BTC-USDT,88090.0,0,buy
1766134808524,BTC-USDT,88090.0,0,buy
1766134808523,BTC-USDT,88090.0,0,buy
1766134807805,BTC-USDT,88090.0,0,buy
1766134807724,BTC-USDT,88090.0,0,buy
1766134807000,BTC-USDT,88090.0,0,buy
1766134806972,BTC-USDT,88090.0,0,buy
1766134806173,BTC-USDT,88090.0,0,buy
1766134806129,BTC-USDT,88090.0,0,buy
1766134805400,BTC-USDT,88090.0,0,buy
1766134805329,BTC-USDT,88090.0,0,buy
1766134804573,BTC-USDT,88090.0,0,buy
1766134804523,BTC-USDT,88090.0,0,buy
1766134803799,BTC-USDT,88090.0,0,buy
1766134803725,BTC-USDT,88090.0,0,buy
1766134803723,BTC-USDT,88090.0,0,buy
1766134802930,BTC-USDT,88093.3,0,buy
1766134802923,BTC-USDT,88093.3,0,buy
1766134802205,BTC-USDT,88087.5,0,buy
1766134802123,BTC-USDT,88087.5,0,buy
1766134801329,BTC-USDT,88088.5,0,buy
1766134801329,BTC-USDT,88088.5,0,buy
1766134801323,BTC-USDT,88088.5,0,buy
1766134800974,BTC-USDT,88096.5,0,sell
1766134800974,BTC-USDT,88096.9,0,sell
1766134800974,BTC-USDT,88097.3,0,sell
1766134800974,BTC-USDT,88097.7,0,sell
1766134800974,BTC-USDT,88098.1,0,sell
1766134800748,BTC-USDT,88098.3,0,buy
1766134800745,BTC-USDT,88099.3,0,sell
1766134800745,BTC-USDT,88099.7,0,sell
1766134800745,BTC-USDT,88100.2,0,sell
1766134800745,BTC-USDT,88100.5,0,sell
1766134800745,BTC-USDT,88100.9,0,sell
1766134800745,BTC-USDT,88114.8,0,sell
1766134800713,BTC-USDT,88115.0,0,buy
1766134800601,BTC-USDT,88115.0,0,buy
1766134796974,BTC-USDT,88116.9,0,sell
1766134788377,BTC-USDT,88117.1,0,buy
1766134780905,BTC-USDT,88117.1,0,buy
1766134777789,BTC-USDT,88117.0,0,sell
1766134777737,BTC-USDT,88117.1,0,buy
1766134774142,BTC-USDT,88117.3,0,sell
1766134774142,BTC-USDT,88117.7,0,sell
1766134771262,BTC-USDT,88118.1,0,buy
1766134767142,BTC-USDT,88124.8,0,sell
1766134752137,BTC-USDT,88125.0,0,sell
1766134739974,BTC-USDT,88128.0,0,sell
1766134736142,BTC-USDT,88132.8,0,sell
1766134735974,BTC-USDT,88133.0,0,sell
1766134735974,BTC-USDT,88133.0,0,sell
1766134730974,BTC-USDT,88154.1,0,sell
1766134730974,BTC-USDT,88154.5,0,sell
1766134730974,BTC-USDT,88154.9,0,sell
1766134730974,BTC-USDT,88155.3,0,sell
1766134730974,BTC-USDT,88155.7,0,sell
1766134730142,BTC-USDT,88156.3,0,sell
1766134730142,BTC-USDT,88156.6,0,sell
1766134730142,BTC-USDT,88156.9,0,sell
1766134730142,BTC-USDT,88157.3,0,sell
1766134730142,BTC-USDT,88157.7,0,sell
1766134730142,BTC-USDT,88157.7,0,sell
1766134728142,BTC-USDT,88171.1,0,sell
1766134723974,BTC-USDT,88178.9,0,sell
1766134714142,BTC-USDT,88178.6,0,buy
1766134713142,BTC-USDT,88176.4,0,buy
1766134713142,BTC-USDT,88176.3,0,buy
1766134712142,BTC-USDT,88175.1,0,buy
1766134712142,BTC-USDT,88175.0,0,buy
1766134712142,BTC-USDT,88175.0,0,buy
1766134694642,BTC-USDT,88171.9,0,buy
1766134694035,BTC-USDT,88170.8,0,sell
1766134693974,BTC-USDT,88171.4,0,buy
1766134693642,BTC-USDT,88170.0,0,buy
1766134693642,BTC-USDT,88169.0,0,buy
1766134693642,BTC-USDT,88167.1,0,buy
1766134693642,BTC-USDT,88165.5,0,buy
1766134693642,BTC-USDT,88165.1,0,buy
1766134693642,BTC-USDT,88164.9,0,buy
1766134693642,BTC-USDT,88164.5,0,buy
1766134693642,BTC-USDT,88164.2,0,buy
1766134693642,BTC-USDT,88164.2,0,buy
1766134691784,BTC-USDT,88157.9,0,sell
1766134691642,BTC-USDT,88157.7,0,buy
1766134691642,BTC-USDT,88157.4,0,buy
1766134691642,BTC-USDT,88157.1,0,buy
1766134691642,BTC-USDT,88156.9,0,buy
1766134691642,BTC-USDT,88156.5,0,buy
1766134691604,BTC-USDT,88156.2,0,sell
1766134689642,BTC-USDT,88156.1,0,buy
1766134688642,BTC-USDT,88148.7,0,buy
1766134688642,BTC-USDT,88148.4,0,buy
1766134688642,BTC-USDT,88148.0,0,buy
1766134688642,BTC-USDT,88147.5,0,buy
1766134688642,BTC-USDT,88147.1,0,buy
1766134686966,BTC-USDT,88143.0,0,sell
1766134686966,BTC-USDT,88144.2,0,sell
1766134686966,BTC-USDT,88144.9,0,sell
1766134686966,BTC-USDT,88146.9,0,sell
1766134685974,BTC-USDT,88143.0,0,buy
1766134667642,BTC-USDT,88139.5,0,buy
1766134667642,BTC-USDT,88139.1,0,buy
1766134667642,BTC-USDT,88138.8,0,buy
1766134667642,BTC-USDT,88138.4,0,buy
1766134667642,BTC-USDT,88137.2,0,buy
1766134665642,BTC-USDT,88133.0,0,buy
1766134665642,BTC-USDT,88131.0,0,buy
1766134655642,BTC-USDT,88130.0,0,buy
1766134652642,BTC-USDT,88124.7,0,buy
1766134646642,BTC-USDT,88126.8,0,sell
1766134646642,BTC-USDT,88126.8,0,sell
1766134646642,BTC-USDT,88128.0,0,sell
1766134646642,BTC-USDT,88130.0,0,sell
1766134646642,BTC-USDT,88131.0,0,sell
1766134646642,BTC-USDT,88133.0,0,sell
1766134646642,BTC-USDT,88134.7,0,sell
1766134642642,BTC-USDT,88123.5,0,buy
1766134642642,BTC-USDT,88123.5,0,buy
1766134640928,BTC-USDT,88123.2,0,buy
1766134640528,BTC-USDT,88123.2,0,buy
1766134640129,BTC-USDT,88123.2,0,buy
1766134639784,BTC-USDT,88123.2,0,buy
1766134638642,BTC-USDT,88132.1,0,sell
1766134638642,BTC-USDT,88133.0,0,sell
1766134638642,BTC-USDT,88133.0,0,sell
1766134638642,BTC-USDT,88133.7,0,sell
1766134638642,BTC-USDT,88134.0,0,sell
1766134638642,BTC-USDT,88134.0,0,sell
1766134638642,BTC-USDT,88135.3,0,sell
1766134638642,BTC-USDT,88137.0,0,sell
1766134635642,BTC-USDT,88140.0,0,sell
1766134635642,BTC-USDT,88140.0,0,sell
1766134632503,BTC-USDT,88140.9,0,sell
1766134630642,BTC-USDT,88137.5,0,buy
1766134630642,BTC-USDT,88137.1,0,buy
1766134630642,BTC-USDT,88136.9,0,buy
1766134630642,BTC-USDT,88136.5,0,buy
1766134630642,BTC-USDT,88136.1,0,buy
1766134629974,BTC-USDT,88134.3,0,buy
1766134629974,BTC-USDT,88134.0,0,buy
1766134629642,BTC-USDT,88129.6,0,buy
1766134629642,BTC-USDT,88129.4,0,buy
1766134629642,BTC-USDT,88129.0,0,buy
1766134629642,BTC-USDT,88127.1,0,buy
1766134629642,BTC-USDT,88118.1,0,buy
1766134628642,BTC-USDT,88151.0,0,sell
1766134628642,BTC-USDT,88151.3,0,sell
1766134628642,BTC-USDT,88151.7,0,sell
1766134628642,BTC-USDT,88152.0,0,sell
1766134628642,BTC-USDT,88152.0,0,sell
1766134628642,BTC-USDT,88153.0,0,sell
1766134628642,BTC-USDT,88153.0,0,sell
1766134628642,BTC-USDT,88156.7,0,sell
1766134626497,BTC-USDT,88157.0,0,buy
1766134625333,BTC-USDT,88156.7,0,sell
1766134625333,BTC-USDT,88156.9,0,sell
1766134625123,BTC-USDT,88156.9,0,sell
1766134624969,BTC-USDT,88156.9,0,sell
1766134623059,BTC-USDT,88156.9,0,sell
1766134621642,BTC-USDT,88066.0,0,buy
1766134621138,BTC-USDT,88151.7,0,sell
1766134621138,BTC-USDT,88151.9,0,sell
1766134621138,BTC-USDT,88152.0,0,sell
1766134621138,BTC-USDT,88152.7,0,sell
1766134621138,BTC-USDT,88153.0,0,sell
1766134621138,BTC-USDT,88154.0,0,sell
1766134621138,BTC-USDT,88156.0,0,sell
1766134621138,BTC-USDT,88156.9,0,sell
1766134606642,BTC-USDT,88154.2,0,buy
1766134606642,BTC-USDT,88154.0,0,buy
1766134606642,BTC-USDT,88153.0,0,buy
1766134605974,BTC-USDT,88153.1,0,sell
1766134605974,BTC-USDT,88153.5,0,sell
1766134605974,BTC-USDT,88153.9,0,sell
1766134605974,BTC-USDT,88154.1,0,sell
1766134605974,BTC-USDT,88155.0,0,sell
1766134605921,BTC-USDT,88157.9,0,buy
1766134605642,BTC-USDT,88162.0,0,sell
1766134605642,BTC-USDT,88162.2,0,sell
1766134605642,BTC-USDT,88164.0,0,sell
1766134605642,BTC-USDT,88166.0,0,sell
1766134605642,BTC-USDT,88166.5,0,sell
1766134598926,BTC-USDT,88162.1,0,sell
1766134598926,BTC-USDT,88162.6,0,sell
1766134598926,BTC-USDT,88163.2,0,sell
1766134598926,BTC-USDT,88164.0,0,sell
1766134598926,BTC-USDT,88165.0,0,sell
1766134598926,BTC-USDT,88166.0,0,sell
1766134598926,BTC-USDT,88166.1,0,sell
1766134598926,BTC-USDT,88166.5,0,sell
1766134598926,BTC-USDT,88166.6,0,sell
1766134594142,BTC-USDT,88166.6,0,buy
1766134593974,BTC-USDT,88165.9,0,buy
1766134593974,BTC-USDT,88165.2,0,buy
1766134593974,BTC-USDT,88164.9,0,buy
1766134593974,BTC-USDT,88163.6,0,buy
1766134593974,BTC-USDT,88163.2,0,buy
1766134593974,BTC-USDT,88162.9,0,buy
1766134593142,BTC-USDT,88161.8,0,buy
1766134593142,BTC-USDT,88161.7,0,buy
1766134593142,BTC-USDT,88160.0,0,buy
1766134593142,BTC-USDT,88159.9,0,buy
1766134593142,BTC-USDT,88159.2,0,buy
1766134593142,BTC-USDT,88157.7,0,buy
1766134593142,BTC-USDT,88156.8,0,buy
1766134593142,BTC-USDT,88155.5,0,buy
1766134593142,BTC-USDT,88154.5,0,buy
1766134593142,BTC-USDT,88154.3,0,buy
1766134593142,BTC-USDT,88153.8,0,buy
1766134593142,BTC-USDT,88152.0,0,buy
1766134593142,BTC-USDT,88150.0,0,buy
1766134593142,BTC-USDT,88149.7,0,buy
1766134593142,BTC-USDT,88148.8,0,buy
1766134593142,BTC-USDT,88147.3,0,buy
1766134593142,BTC-USDT,88146.9,0,buy
1766134593142,BTC-USDT,88146.7,0,buy
1766134593142,BTC-USDT,88145.6,0,buy
1766134593142,BTC-USDT,88144.7,0,buy
1766134593142,BTC-USDT,88142.8,0,buy
1766134593142,BTC-USDT,88142.0,0,buy
1766134593142,BTC-USDT,88141.0,0,buy
1766134593142,BTC-USDT,88140.1,0,buy
1766134593142,BTC-USDT,88140.0,0,buy
1766134593142,BTC-USDT,88138.2,0,buy
1766134593142,BTC-USDT,88137.2,0,buy
1766134593142,BTC-USDT,88136.6,0,buy
1766134593142,BTC-USDT,88135.1,0,buy
1766134593142,BTC-USDT,88132.3,0,buy
1766134593142,BTC-USDT,88132.0,0,buy
1766134593142,BTC-USDT,88131.8,0,buy
1766134593142,BTC-USDT,88129.7,0,buy
1766134593142,BTC-USDT,88128.7,0,buy
1766134593142,BTC-USDT,88128.7,0,buy
1766134593142,BTC-USDT,88128.7,0,buy
1766134593142,BTC-USDT,88128.7,0,buy
1766134593142,BTC-USDT,88128.3,0,buy
1766134593142,BTC-USDT,88127.4,0,buy
1766134593142,BTC-USDT,88125.0,0,buy
1766134593142,BTC-USDT,88124.9,0,buy
1766134593142,BTC-USDT,88124.8,0,buy
1766134593142,BTC-USDT,88124.6,0,buy
1766134593142,BTC-USDT,88123.0,0,buy
1766134593142,BTC-USDT,88120.2,0,buy
1766134593142,BTC-USDT,88120.0,0,buy
1766134593142,BTC-USDT,88119.9,0,buy
1766134592974,BTC-USDT,88119.9,0,buy
1766134592974,BTC-USDT,88118.0,0,buy
1766134592974,BTC-USDT,88117.9,0,buy
1766134592974,BTC-USDT,88117.6,0,buy
1766134592974,BTC-USDT,88117.6,0,buy
1766134592974,BTC-USDT,88110.5,0,buy
1766134592974,BTC-USDT,88110.3,0,buy
1766134592974,BTC-USDT,88108.9,0,buy
1766134592974,BTC-USDT,88108.1,0,buy
1766134592974,BTC-USDT,88106.9,0,buy
1766134592974,BTC-USDT,88106.8,0,buy
1766134592974,BTC-USDT,88105.2,0,buy
1766134592974,BTC-USDT,88104.8,0,buy
1766134592974,BTC-USDT,88101.1,0,buy
1766134592974,BTC-USDT,88100.8,0,buy
1766134592974,BTC-USDT,88099.0,0,buy
1766134592974,BTC-USDT,88095.7,0,buy
1766134592974,BTC-USDT,88094.2,0,buy
1766134592974,BTC-USDT,88093.7,0,buy
1766134592974,BTC-USDT,88091.9,0,buy
1766134592974,BTC-USDT,88090.9,0,buy
1766134592974,BTC-USDT,88090.0,0,buy
1766134592974,BTC-USDT,88081.5,0,buy
1766134592974,BTC-USDT,88080.0,0,buy
1766134592974,BTC-USDT,88080.0,0,buy
1766134592974,BTC-USDT,88079.9,0,buy
1766134592974,BTC-USDT,88076.9,0,buy
1766134592974,BTC-USDT,88076.9,0,buy
1766134592974,BTC-USDT,88075.5,0,buy
1766134592974,BTC-USDT,88074.0,0,buy
1766134592974,BTC-USDT,88071.7,0,buy
1766134592974,BTC-USDT,88069.2,0,buy
1766134592974,BTC-USDT,88068.5,0,buy
1766134592974,BTC-USDT,88065.2,0,buy
1766134592974,BTC-USDT,88064.5,0,buy
1766134592974,BTC-USDT,88058.8,0,buy
1766134592974,BTC-USDT,88058.0,0,buy
1766134592974,BTC-USDT,88050.0,0,buy
1766134592408,BTC-USDT,87898.1,0,sell
1766134592408,BTC-USDT,87899.1,0,sell
1766134592408,BTC-USDT,87900.0,0,sell
1766134592408,BTC-USDT,87901.1,0,sell
1766134592408,BTC-USDT,87903.2,0,sell
1766134592408,BTC-USDT,87907.2,0,sell
1766134592408,BTC-USDT,87907.9,0,sell
1766134592408,BTC-USDT,87908.1,0,sell
1766134592408,BTC-USDT,87908.5,0,sell
1766134592408,BTC-USDT,87908.7,0,sell
1766134592408,BTC-USDT,87909.0,0,sell
1766134592408,BTC-USDT,87911.1,0,sell
1766134592408,BTC-USDT,87911.5,0,sell
1766134592408,BTC-USDT,87911.7,0,sell
1766134592408,BTC-USDT,87911.9,0,sell
1766134592408,BTC-USDT,87913.0,0,sell
1766134592408,BTC-USDT,87914.1,0,sell
1766134592408,BTC-USDT,87916.1,0,sell
1766134592408,BTC-USDT,87916.2,0,sell
1766134592408,BTC-USDT,87916.6,0,sell
1766134592408,BTC-USDT,87916.7,0,sell
1766134592408,BTC-USDT,87917.7,0,sell
1766134592408,BTC-USDT,87918.3,0,sell
1766134592408,BTC-USDT,87919.0,0,sell
1766134592408,BTC-USDT,87920.0,0,sell
1766134592408,BTC-USDT,87921.1,0,sell
1766134592408,BTC-USDT,87922.9,0,sell
1766134592408,BTC-USDT,87923.0,0,sell
1766134592408,BTC-USDT,87923.1,0,sell
1766134592408,BTC-USDT,87924.1,0,sell
1766134592408,BTC-USDT,87925.0,0,sell
1766134592408,BTC-USDT,87925.9,0,sell
1766134592408,BTC-USDT,87926.7,0,sell
1766134592408,BTC-USDT,87927.1,0,sell
1766134592408,BTC-USDT,87928.5,0,sell
1766134592408,BTC-USDT,87929.8,0,sell
1766134592408,BTC-USDT,87930.2,0,sell
1766134592408,BTC-USDT,87931.0,0,sell
1766134592408,BTC-USDT,87933.3,0,sell
1766134592408,BTC-USDT,87935.5,0,sell
1766134592408,BTC-USDT,87937.5,0,sell
1766134592408,BTC-USDT,87938.1,0,sell
1766134592408,BTC-USDT,87938.5,0,sell
1766134592408,BTC-USDT,87938.6,0,sell
1766134592408,BTC-USDT,87939.0,0,sell
1766134592408,BTC-USDT,87939.2,0,sell
1766134592408,BTC-USDT,87939.3,0,sell
1766134592408,BTC-USDT,87940.0,0,sell
1766134592408,BTC-USDT,87941.1,0,sell
1766134592408,BTC-USDT,87941.6,0,sell
1766134592408,BTC-USDT,87941.8,0,sell
1766134592408,BTC-USDT,87942.8,0,sell
1766134592408,BTC-USDT,87943.1,0,sell
1766134592408,BTC-USDT,87943.5,0,sell
1766134592408,BTC-USDT,87944.0,0,sell
1766134592408,BTC-USDT,87944.8,0,sell
1766134592408,BTC-USDT,87945.9,0,sell
1766134592408,BTC-USDT,87946.6,0,sell
1766134592408,BTC-USDT,87947.3,0,sell
1766134592408,BTC-USDT,87949.7,0,sell
1766134592408,BTC-USDT,87949.8,0,sell
1766134592408,BTC-USDT,87950.0,0,sell
1766134592408,BTC-USDT,87952.7,0,sell
1766134592408,BTC-USDT,87953.7,0,sell
1766134592408,BTC-USDT,87956.9,0,sell
1766134592408,BTC-USDT,87960.0,0,sell
1766134592408,BTC-USDT,87960.6,0,sell
1766134592408,BTC-USDT,87961.2,0,sell
1766134592408,BTC-USDT,87963.0,0,sell
1766134592408,BTC-USDT,87964.7,0,sell
1766134592408,BTC-USDT,87965.0,0,sell
1766134592408,BTC-USDT,87965.2,0,sell
1766134592408,BTC-USDT,87966.4,0,sell
1766134592408,BTC-USDT,87966.6,0,sell
1766134592408,BTC-USDT,87967.9,0,sell
1766134592408,BTC-USDT,87968.7,0,sell
1766134592408,BTC-USDT,87973.5,0,sell
1766134592408,BTC-USDT,87975.3,0,sell
1766134592408,BTC-USDT,87975.5,0,sell
1766134592408,BTC-USDT,87976.2,0,sell
1766134592408,BTC-USDT,87976.4,0,sell
1766134592408,BTC-USDT,87976.8,0,sell
1766134592408,BTC-USDT,87977.0,0,sell
1766134592408,BTC-USDT,87978.5,0,sell
1766134592408,BTC-USDT,87980.0,0,sell
1766134592408,BTC-USDT,87980.5,0,sell
1766134592408,BTC-USDT,87980.7,0,sell
1766134592408,BTC-USDT,87981.1,0,sell
1766134592408,BTC-USDT,87982.0,0,sell
1766134592408,BTC-USDT,87982.9,0,sell
1766134592408,BTC-USDT,87984.5,0,sell
1766134592408,BTC-USDT,87984.6,0,sell
1766134592408,BTC-USDT,87984.8,0,sell
1766134592408,BTC-USDT,87985.4,0,sell
1766134592408,BTC-USDT,87991.2,0,sell
1766134592408,BTC-USDT,87991.9,0,sell
1766134592408,BTC-USDT,87992.0,0,sell
1766134592408,BTC-USDT,87992.9,0,sell
1766134592408,BTC-USDT,87993.8,0,sell
1766134592408,BTC-USDT,87996.8,0,sell
1766134592408,BTC-USDT,87997.3,0,sell
1766134592408,BTC-USDT,87997.7,0,sell
1766134592408,BTC-USDT,87998.5,0,sell
1766134592408,BTC-USDT,87998.7,0,sell
1766134592408,BTC-USDT,87999.9,0,sell
1766134592408,BTC-USDT,88000.0,0,sell
1766134592408,BTC-USDT,88009.5,0,sell
1766134592408,BTC-USDT,88012.1,0,sell
1766134592408,BTC-USDT,88013.3,0,sell
1766134592408,BTC-USDT,88014.6,0,sell
1766134592408,BTC-USDT,88015.3,0,sell
1766134592408,BTC-USDT,88016.5,0,sell
1766134592408,BTC-USDT,88022.2,0,sell
1766134592408,BTC-USDT,88023.0,0,sell
1766134592408,BTC-USDT,88027.0,0,sell
1766134592408,BTC-USDT,88031.1,0,sell
1766134592408,BTC-USDT,88033.8,0,sell
1766134592408,BTC-USDT,88039.5,0,sell
1766134592408,BTC-USDT,88040.0,0,sell
1766134592408,BTC-USDT,88041.5,0,sell
1766134592408,BTC-USDT,88050.0,0,sell
1766134592408,BTC-USDT,88051.8,0,sell
1766134592408,BTC-USDT,88058.8,0,sell
1766134592408,BTC-USDT,88091.6,0,sell
1766134592408,BTC-USDT,88122.5,0,sell
1766134592408,BTC-USDT,88131.3,0,sell
1766134592408,BTC-USDT,88140.2,0,sell
1766134592408,BTC-USDT,88149.0,0,sell
1766134592408,BTC-USDT,88157.8,0,sell
1766134592408,BTC-USDT,88162.0,0,sell
1766134592408,BTC-USDT,88162.1,0,sell
1766134592408,BTC-USDT,88162.2,0,sell
1766134592408,BTC-USDT,88163.1,0,sell
1766134592408,BTC-USDT,88164.0,0,sell
1766134592408,BTC-USDT,88165.0,0,sell
1766134592408,BTC-USDT,88166.0,0,sell
1766134592408,BTC-USDT,88166.1,0,sell
1766134592408,BTC-USDT,88166.4,0,sell
1766134592408,BTC-USDT,88166.5,0,sell
1766134592408,BTC-USDT,88166.6,0,sell
1766134575974,BTC-USDT,88183.4,0,sell
1766134575974,BTC-USDT,88185.2,0,sell
1766134574142,BTC-USDT,88183.0,0,buy
1766134574142,BTC-USDT,88182.8,0,buy
1766134574142,BTC-USDT,88182.5,0,buy
1766134574142,BTC-USDT,88182.5,0,buy
1766134574142,BTC-USDT,88182.1,0,buy
1766134572735,BTC-USDT,88179.2,0,sell
1766134572735,BTC-USDT,88179.4,0,sell
1766134572735,BTC-USDT,88181.0,0,sell
1766134572735,BTC-USDT,88181.5,0,sell
1766134572735,BTC-USDT,88181.9,0,sell
1766134568142,BTC-USDT,88182.0,0,sell
1766134567142,BTC-USDT,88181.9,0,buy
1766134567142,BTC-USDT,88181.5,0,buy
1766134561686,BTC-USDT,88162.8,0,buy
1766134561686,BTC-USDT,88162.8,0,buy
1766134550974,BTC-USDT,88166.6,0,sell
1766134549974,BTC-USDT,88169.9,0,sell
1766134548142,BTC-USDT,88170.0,0,sell
1766134547142,BTC-USDT,88169.8,0,buy
1766134546974,BTC-USDT,88167.0,0,buy
1766134539974,BTC-USDT,88160.7,0,sell
1766134538142,BTC-USDT,88160.9,0,sell
1766134529974,BTC-USDT,88186.9,0,sell
1766134524852,BTC-USDT,88186.9,0,sell
1766134523974,BTC-USDT,88185.0,0,buy
1766134515556,BTC-USDT,88190.0,0,buy
1766134515556,BTC-USDT,88190.0,0,buy
1766134515556,BTC-USDT,88190.0,0,buy
1766134515556,BTC-USDT,88190.0,0,buy
1766134515556,BTC-USDT,88190.0,0,buy
1766134515556,BTC-USDT,88190.0,0,buy
1766134515556,BTC-USDT,88190.0,0,buy
1766134515556,BTC-USDT,88190.0,0,buy
1766134515556,BTC-USDT,88190.0,0,buy
1766134515556,BTC-USDT,88190.0,0,buy
1766134515556,BTC-USDT,88190.0,0,buy
1766134515556,BTC-USDT,88190.0,0,buy
1766134515556,BTC-USDT,88190.0,0,buy
1766134511974,BTC-USDT,88187.0,0,buy
1766134503974,BTC-USDT,88183.9,0,sell
1766134502142,BTC-USDT,88206.1,0,sell
1766134502142,BTC-USDT,88206.1,0,sell
1766134502142,BTC-USDT,88206.1,0,sell
1766134502142,BTC-USDT,88206.1,0,sell
1766134502142,BTC-USDT,88207.4,0,sell
1766134502142,BTC-USDT,88209.1,0,sell
1766134502142,BTC-USDT,88210.9,0,sell
1766134501142,BTC-USDT,88211.7,0,buy
1766134500974,BTC-USDT,88210.6,0,buy
1766134500142,BTC-USDT,88208.4,0,buy
1766134500142,BTC-USDT,88208.0,0,buy
1766134500142,BTC-USDT,88207.3,0,buy
1766134500142,BTC-USDT,88206.2,0,buy
1766134500142,BTC-USDT,88205.8,0,buy
1766134500142,BTC-USDT,88205.2,0,buy
1766134499142,BTC-USDT,88203.2,0,buy
1766134499142,BTC-USDT,88202.8,0,buy
1766134499142,BTC-USDT,88201.5,0,buy
1766134499142,BTC-USDT,88200.5,0,buy
1766134499142,BTC-USDT,88200.0,0,buy
1766134499142,BTC-USDT,88199.9,0,buy
1766134499142,BTC-USDT,88199.9,0,buy
1766134499142,BTC-USDT,88198.2,0,buy
1766134487864,BTC-USDT,88192.9,0,sell
1766134487685,BTC-USDT,88192.9,0,sell
1766134487521,BTC-USDT,88192.9,0,sell
1766134485569,BTC-USDT,88196.9,0,sell
1766134484142,BTC-USDT,88196.7,0,buy
1766134483974,BTC-USDT,88196.5,0,buy
1766134483432,BTC-USDT,88192.6,0,sell
1766134483432,BTC-USDT,88193.2,0,sell
1766134483432,BTC-USDT,88193.6,0,sell
1766134483432,BTC-USDT,88194.2,0,sell
1766134483432,BTC-USDT,88195.5,0,sell
1766134483432,BTC-USDT,88196.4,0,sell
1766134479581,BTC-USDT,88192.5,0,sell
1766134479581,BTC-USDT,88193.2,0,sell
1766134479581,BTC-USDT,88193.6,0,sell
1766134479581,BTC-USDT,88193.7,0,sell
1766134479581,BTC-USDT,88194.5,0,sell
1766134479581,BTC-USDT,88194.9,0,sell
1766134479581,BTC-USDT,88195.1,0,sell
1766134479581,BTC-USDT,88196.4,0,sell
1766134478800,BTC-USDT,88196.4,0,sell
1766134478142,BTC-USDT,88195.4,0,buy
1766134478142,BTC-USDT,88194.4,0,buy
1766134478142,BTC-USDT,88189.8,0,buy
1766134478142,BTC-USDT,88189.1,0,buy
1766134478142,BTC-USDT,88188.3,0,buy
1766134478142,BTC-USDT,88187.5,0,buy
1766134473215,BTC-USDT,88185.8,0,buy
1766134473142,BTC-USDT,88185.8,0,buy
1766134473142,BTC-USDT,88184.7,0,buy
1766134473142,BTC-USDT,88184.3,0,buy
1766134473142,BTC-USDT,88183.6,0,buy
1766134473142,BTC-USDT,88182.5,0,buy
1766134473142,BTC-USDT,88181.8,0,buy
1766134473142,BTC-USDT,88180.2,0,buy
1766134472974,BTC-USDT,88179.0,0,buy
1766134472974,BTC-USDT,88178.6,0,buy
1766134472142,BTC-USDT,88176.4,0,buy
1766134472142,BTC-USDT,88176.3,0,buy
1766134472142,BTC-USDT,88175.1,0,buy
1766134472142,BTC-USDT,88175.0,0,buy
1766134472142,BTC-USDT,88171.9,0,buy
1766134472142,BTC-USDT,88171.4,0,buy
1766134472142,BTC-USDT,88170.0,0,buy
1766134472142,BTC-USDT,88169.0,0,buy
1766134472142,BTC-USDT,88167.1,0,buy
1766134472142,BTC-USDT,88166.6,0,buy
1766134472142,BTC-USDT,88165.9,0,buy
1766134472142,BTC-USDT,88165.2,0,buy
1766134472142,BTC-USDT,88164.9,0,buy
1766134472142,BTC-USDT,88163.6,0,buy
1766134472142,BTC-USDT,88163.2,0,buy
1766134472142,BTC-USDT,88162.9,0,buy
1766134472142,BTC-USDT,88161.8,0,buy
1766134472142,BTC-USDT,88161.7,0,buy
1766134472142,BTC-USDT,88160.0,0,buy
1766134472142,BTC-USDT,88159.9,0,buy
1766134472142,BTC-USDT,88159.2,0,buy
1766134472142,BTC-USDT,88157.7,0,buy
1766134472142,BTC-USDT,88156.8,0,buy
1766134472142,BTC-USDT,88155.5,0,buy
1766134472142,BTC-USDT,88154.5,0,buy
1766134472142,BTC-USDT,88154.3,0,buy
1766134472142,BTC-USDT,88153.8,0,buy
1766134472142,BTC-USDT,88152.0,0,buy
1766134472142,BTC-USDT,88149.7,0,buy
1766134472142,BTC-USDT,88148.8,0,buy
1766134471974,BTC-USDT,88148.8,0,buy
1766134471974,BTC-USDT,88147.3,0,buy
1766134471974,BTC-USDT,88146.9,0,buy
1766134471974,BTC-USDT,88146.7,0,buy
1766134471974,BTC-USDT,88145.6,0,buy
1766134471974,BTC-USDT,88145.6,0,buy
1766134471974,BTC-USDT,88145.6,0,buy
1766134471974,BTC-USDT,88145.6,0,buy
1766134471974,BTC-USDT,88144.7,0,buy
1766134471974,BTC-USDT,88142.8,0,buy
1766134471142,BTC-USDT,88142.8,0,buy
1766134471142,BTC-USDT,88142.8,0,buy
1766134471142,BTC-USDT,88142.8,0,buy
1766134471142,BTC-USDT,88142.8,0,buy
1766134471142,BTC-USDT,88142.0,0,buy
1766134471142,BTC-USDT,88141.0,0,buy
1766134470974,BTC-USDT,88141.0,0,buy
1766134470974,BTC-USDT,88140.0,0,buy
1766134470974,BTC-USDT,88138.2,0,buy
1766134470974,BTC-USDT,88138.2,0,buy
1766134470974,BTC-USDT,88137.2,0,buy
1766134470974,BTC-USDT,88136.6,0,buy
1766134470974,BTC-USDT,88135.1,0,buy
1766134470974,BTC-USDT,88132.3,0,buy
1766134470974,BTC-USDT,88132.3,0,buy
1766134470974,BTC-USDT,88132.3,0,buy
1766134470974,BTC-USDT,88132.0,0,buy
1766134470974,BTC-USDT,88131.8,0,buy
1766134470974,BTC-USDT,88129.7,0,buy
1766134470974,BTC-USDT,88128.7,0,buy
1766134470142,BTC-USDT,88128.7,0,buy
1766134470142,BTC-USDT,88128.7,0,buy
1766134470142,BTC-USDT,88128.7,0,buy
1766134470142,BTC-USDT,88128.7,0,buy
1766134470142,BTC-USDT,88128.3,0,buy
1766134470142,BTC-USDT,88127.4,0,buy
1766134470142,BTC-USDT,88125.0,0,buy
1766134470142,BTC-USDT,88124.9,0,buy
1766134469974,BTC-USDT,88124.9,0,buy
1766134469974,BTC-USDT,88124.9,0,buy
1766134469974,BTC-USDT,88124.9,0,buy
1766134469974,BTC-USDT,88124.9,0,buy
1766134469974,BTC-USDT,88124.8,0,buy
1766134469974,BTC-USDT,88124.6,0,buy
1766134469974,BTC-USDT,88123.0,0,buy
1766134469142,BTC-USDT,88123.0,0,buy
1766134469142,BTC-USDT,88123.0,0,buy
1766134469142,BTC-USDT,88123.0,0,buy
1766134469142,BTC-USDT,88120.2,0,buy
1766134469142,BTC-USDT,88120.0,0,buy
1766134469142,BTC-USDT,88120.0,0,buy
1766134469142,BTC-USDT,88119.9,0,buy
1766134468974,BTC-USDT,88119.9,0,buy
1766134468974,BTC-USDT,88119.9,0,buy
1766134468974,BTC-USDT,88119.9,0,buy
1766134468974,BTC-USDT,88119.9,0,buy
1766134468974,BTC-USDT,88118.0,0,buy
1766134468974,BTC-USDT,88118.0,0,buy
1766134468142,BTC-USDT,88118.0,0,buy
1766134468142,BTC-USDT,88118.0,0,buy
1766134468142,BTC-USDT,88117.9,0,buy
1766134468142,BTC-USDT,88117.6,0,buy
1766134468142,BTC-USDT,88110.5,0,buy
1766134468142,BTC-USDT,88110.3,0,buy
1766134468142,BTC-USDT,88108.9,0,buy
1766134468142,BTC-USDT,88108.1,0,buy
1766134468142,BTC-USDT,88106.9,0,buy
1766134468142,BTC-USDT,88106.8,0,buy
1766134468142,BTC-USDT,88105.2,0,buy
1766134468142,BTC-USDT,88104.8,0,buy
1766134468142,BTC-USDT,88101.1,0,buy
1766134468142,BTC-USDT,88100.8,0,buy
1766134468142,BTC-USDT,88099.0,0,buy
1766134468142,BTC-USDT,88095.7,0,buy
1766134468142,BTC-USDT,88094.2,0,buy
1766134468142,BTC-USDT,88093.7,0,buy
1766134468142,BTC-USDT,88091.9,0,buy
1766134468142,BTC-USDT,88090.9,0,buy
1766134468142,BTC-USDT,88090.0,0,buy
1766134468142,BTC-USDT,88081.5,0,buy
1766134468142,BTC-USDT,88080.0,0,buy
1766134468142,BTC-USDT,88079.9,0,buy
1766134468142,BTC-USDT,88076.9,0,buy
1766134468142,BTC-USDT,88075.5,0,buy
1766134468142,BTC-USDT,88074.0,0,buy
1766134468142,BTC-USDT,88071.7,0,buy
1766134468142,BTC-USDT,88069.2,0,buy
1766134468142,BTC-USDT,88068.5,0,buy
1766134468142,BTC-USDT,88068.5,0,buy
1766134468142,BTC-USDT,88065.2,0,buy
1766134468142,BTC-USDT,88064.5,0,buy
1766134468142,BTC-USDT,88064.5,0,buy
1766134468142,BTC-USDT,88058.8,0,buy
1766134467968,BTC-USDT,87900.0,0,sell
1766134467968,BTC-USDT,87900.3,0,sell
1766134467968,BTC-USDT,87901.1,0,sell
1766134467968,BTC-USDT,87903.2,0,sell
1766134467968,BTC-USDT,87907.2,0,sell
1766134467968,BTC-USDT,87907.9,0,sell
1766134467968,BTC-USDT,87908.1,0,sell
1766134467968,BTC-USDT,87908.5,0,sell
1766134467968,BTC-USDT,87908.7,0,sell
1766134467968,BTC-USDT,87909.0,0,sell
1766134467968,BTC-USDT,87911.1,0,sell
1766134467968,BTC-USDT,87911.5,0,sell
1766134467968,BTC-USDT,87911.7,0,sell
1766134467968,BTC-USDT,87911.9,0,sell
1766134467968,BTC-USDT,87913.0,0,sell
1766134467968,BTC-USDT,87914.1,0,sell
1766134467968,BTC-USDT,87916.1,0,sell
1766134467968,BTC-USDT,87916.2,0,sell
1766134467968,BTC-USDT,87916.6,0,sell
1766134467968,BTC-USDT,87916.7,0,sell
1766134467968,BTC-USDT,87917.7,0,sell
1766134467968,BTC-USDT,87918.3,0,sell
1766134467968,BTC-USDT,87919.0,0,sell
1766134467968,BTC-USDT,87920.0,0,sell
1766134467968,BTC-USDT,87921.1,0,sell
1766134467968,BTC-USDT,87922.9,0,sell
1766134467968,BTC-USDT,87923.0,0,sell
1766134467968,BTC-USDT,87923.1,0,sell
1766134467968,BTC-USDT,87924.1,0,sell
1766134467968,BTC-USDT,87925.0,0,sell
1766134467968,BTC-USDT,87925.9,0,sell
1766134467968,BTC-USDT,87926.7,0,sell
1766134467968,BTC-USDT,87927.1,0,sell
1766134467968,BTC-USDT,87928.5,0,sell
1766134467968,BTC-USDT,87929.8,0,sell
1766134467968,BTC-USDT,87930.2,0,sell
1766134467968,BTC-USDT,87931.0,0,sell
1766134467968,BTC-USDT,87933.3,0,sell
1766134467968,BTC-USDT,87934.6,0,sell
1766134467968,BTC-USDT,87935.5,0,sell
1766134467968,BTC-USDT,87937.5,0,sell
1766134467968,BTC-USDT,87938.1,0,sell
1766134467968,BTC-USDT,87938.5,0,sell
1766134467968,BTC-USDT,87938.6,0,sell
1766134467968,BTC-USDT,87939.0,0,sell
1766134467968,BTC-USDT,87939.2,0,sell
1766134467968,BTC-USDT,87939.3,0,sell
1766134467968,BTC-USDT,87939.8,0,sell
1766134467968,BTC-USDT,87940.0,0,sell
1766134467968,BTC-USDT,87941.1,0,sell
1766134467968,BTC-USDT,87941.5,0,sell
1766134467968,BTC-USDT,87941.6,0,sell
1766134467968,BTC-USDT,87941.8,0,sell
1766134467968,BTC-USDT,87942.8,0,sell
1766134467968,BTC-USDT,87943.1,0,sell
1766134467968,BTC-USDT,87943.5,0,sell
1766134467968,BTC-USDT,87944.0,0,sell
1766134467968,BTC-USDT,87944.2,0,sell
1766134467968,BTC-USDT,87944.8,0,sell
1766134467968,BTC-USDT,87945.9,0,sell
1766134467968,BTC-USDT,87946.6,0,sell
1766134467968,BTC-USDT,87947.3,0,sell
1766134467968,BTC-USDT,87949.7,0,sell
1766134467968,BTC-USDT,87949.8,0,sell
1766134467968,BTC-USDT,87950.0,0,sell
1766134467968,BTC-USDT,87952.7,0,sell
1766134467968,BTC-USDT,87953.7,0,sell
1766134467968,BTC-USDT,87956.9,0,sell
1766134467968,BTC-USDT,87960.0,0,sell
1766134467968,BTC-USDT,87960.6,0,sell
1766134467968,BTC-USDT,87961.2,0,sell
1766134467968,BTC-USDT,87963.0,0,sell
1766134467968,BTC-USDT,87964.7,0,sell
1766134467968,BTC-USDT,87965.0,0,sell
1766134467968,BTC-USDT,87965.2,0,sell
1766134467968,BTC-USDT,87965.6,0,sell
1766134467968,BTC-USDT,87966.4,0,sell
1766134467968,BTC-USDT,87966.6,0,sell
1766134467968,BTC-USDT,87967.9,0,sell
1766134467968,BTC-USDT,87968.7,0,sell
1766134467968,BTC-USDT,87971.4,0,sell
1766134467968,BTC-USDT,87973.5,0,sell
1766134467968,BTC-USDT,87975.3,0,sell
1766134467968,BTC-USDT,87975.5,0,sell
1766134467968,BTC-USDT,87976.2,0,sell
1766134467968,BTC-USDT,87976.4,0,sell
1766134467968,BTC-USDT,87976.8,0,sell
1766134467968,BTC-USDT,87977.0,0,sell
1766134467968,BTC-USDT,87978.5,0,sell
1766134467968,BTC-USDT,87980.0,0,sell
1766134467968,BTC-USDT,87980.5,0,sell
1766134467968,BTC-USDT,87980.7,0,sell
1766134467968,BTC-USDT,87981.1,0,sell
1766134467968,BTC-USDT,87982.0,0,sell
1766134467968,BTC-USDT,87982.9,0,sell
1766134467968,BTC-USDT,87983.5,0,sell
1766134467968,BTC-USDT,87984.5,0,sell
1766134467968,BTC-USDT,87984.6,0,sell
1766134467968,BTC-USDT,87984.8,0,sell
1766134467968,BTC-USDT,87985.4,0,sell
1766134467968,BTC-USDT,87991.2,0,sell
1766134467968,BTC-USDT,87991.9,0,sell
1766134467968,BTC-USDT,87992.0,0,sell
1766134467968,BTC-USDT,87992.9,0,sell
1766134467968,BTC-USDT,87993.8,0,sell
1766134467968,BTC-USDT,87996.8,0,sell
1766134467968,BTC-USDT,87997.3,0,sell
1766134467968,BTC-USDT,87997.7,0,sell
1766134467968,BTC-USDT,87998.5,0,sell
1766134467968,BTC-USDT,87998.7,0,sell
1766134467968,BTC-USDT,87999.9,0,sell
1766134467968,BTC-USDT,88000.0,0,sell
1766134467968,BTC-USDT,88009.5,0,sell
1766134467968,BTC-USDT,88012.1,0,sell
1766134467968,BTC-USDT,88012.3,0,sell
1766134467968,BTC-USDT,88013.3,0,sell
1766134467968,BTC-USDT,88014.6,0,sell
1766134467968,BTC-USDT,88015.3,0,sell
1766134467968,BTC-USDT,88016.5,0,sell
1766134467968,BTC-USDT,88017.3,0,sell
1766134467968,BTC-USDT,88022.2,0,sell
1766134467968,BTC-USDT,88023.0,0,sell
1766134467968,BTC-USDT,88027.0,0,sell
1766134467968,BTC-USDT,88029.4,0,sell
1766134467968,BTC-USDT,88031.1,0,sell
1766134467968,BTC-USDT,88032.1,0,sell
1766134467968,BTC-USDT,88033.8,0,sell
1766134467968,BTC-USDT,88039.5,0,sell
1766134467968,BTC-USDT,88040.0,0,sell
1766134467968,BTC-USDT,88041.5,0,sell
1766134467968,BTC-USDT,88041.8,0,sell
1766134467968,BTC-USDT,88046.1,0,sell
1766134467968,BTC-USDT,88050.0,0,sell
1766134467968,BTC-USDT,88051.5,0,sell
1766134467968,BTC-USDT,88051.8,0,sell
1766134467968,BTC-USDT,88053.9,0,sell
1766134467968,BTC-USDT,88055.1,0,sell
1766134467968,BTC-USDT,88056.4,0,sell
1766134467968,BTC-USDT,88057.4,0,sell
1766134467968,BTC-USDT,88058.0,0,sell
1766134467968,BTC-USDT,88058.8,0,sell
1766134467968,BTC-USDT,88064.5,0,sell
1766134467968,BTC-USDT,88065.2,0,sell
1766134467968,BTC-USDT,88068.5,0,sell
1766134467968,BTC-USDT,88069.2,0,sell
1766134467968,BTC-USDT,88071.7,0,sell
1766134467968,BTC-USDT,88074.0,0,sell
1766134467968,BTC-USDT,88075.5,0,sell
1766134467968,BTC-USDT,88079.9,0,sell
1766134467968,BTC-USDT,88155.1,0,sell
1766134467968,BTC-USDT,88163.9,0,sell
1766134467968,BTC-USDT,88172.7,0,sell
1766134467968,BTC-USDT,88181.6,0,sell
1766134467968,BTC-USDT,88189.3,0,sell
1766134467968,BTC-USDT,88190.3,0,sell
1766134467968,BTC-USDT,88190.4,0,sell
1766134467968,BTC-USDT,88191.8,0,sell
1766134467968,BTC-USDT,88193.2,0,sell
1766134467968,BTC-USDT,88193.3,0,sell
1766134467968,BTC-USDT,88193.4,0,sell
1766134467968,BTC-USDT,88195.8,0,sell
1766134467968,BTC-USDT,88197.9,0,sell
1766134467968,BTC-USDT,88199.1,0,sell
1766134467968,BTC-USDT,88199.2,0,sell
1766134464974,BTC-USDT,88203.9,0,sell
1766134458142,BTC-USDT,88203.0,0,buy
1766134456974,BTC-USDT,88195.0,0,buy
1766134452142,BTC-USDT,88190.0,0,buy
1766134442974,BTC-USDT,88205.3,0,sell
1766134442974,BTC-USDT,88205.3,0,sell
1766134442974,BTC-USDT,88205.9,0,sell
1766134440974,BTC-USDT,88198.1,0,buy
1766134432082,BTC-USDT,88198.1,0,buy
1766134432082,BTC-USDT,88198.1,0,buy
1766134432082,BTC-USDT,88198.1,0,buy
1766134432082,BTC-USDT,88198.1,0,buy
1766134432082,BTC-USDT,88198.1,0,buy
1766134432082,BTC-USDT,88198.1,0,buy
1766134432082,BTC-USDT,88198.1,0,buy
1766134432082,BTC-USDT,88198.1,0,buy
1766134432082,BTC-USDT,88198.1,0,buy
1766134432081,BTC-USDT,88198.1,0,buy
1766134432081,BTC-USDT,88198.1,0,buy
1766134432081,BTC-USDT,88198.1,0,buy
1766134432081,BTC-USDT,88198.1,0,buy
1766134432081,BTC-USDT,88198.1,0,buy
1766134432081,BTC-USDT,88198.1,0,buy
1766134432081,BTC-USDT,88198.1,0,buy
1766134432081,BTC-USDT,88198.1,0,buy
1766134432081,BTC-USDT,88198.1,0,buy
1766134428540,BTC-USDT,88230.7,0,buy
1766134428540,BTC-USDT,88230.5,0,buy
1766134428540,BTC-USDT,88223.5,0,buy
1766134428540,BTC-USDT,88214.6,0,buy
1766134428540,BTC-USDT,88205.8,0,buy
1766134428540,BTC-USDT,88201.5,0,buy
1766134428540,BTC-USDT,88201.1,0,buy
1766134428540,BTC-USDT,88200.9,0,buy
1766134428540,BTC-USDT,88200.5,0,buy
1766134428540,BTC-USDT,88200.1,0,buy
1766134422142,BTC-USDT,88195.1,0,buy
1766134422142,BTC-USDT,88194.7,0,buy
1766134422142,BTC-USDT,88194.3,0,buy
1766134422142,BTC-USDT,88193.9,0,buy
1766134422142,BTC-USDT,88193.5,0,buy
1766134418277,BTC-USDT,88189.9,0,sell
1766134416974,BTC-USDT,88189.0,0,buy
1766134416099,BTC-USDT,88187.0,0,sell
1766134415589,BTC-USDT,88186.0,0,sell
1766134415589,BTC-USDT,88186.9,0,sell
1766134414142,BTC-USDT,88178.1,0,buy
1766134414142,BTC-USDT,88177.7,0,buy
1766134413142,BTC-USDT,88174.0,0,buy
1766134413142,BTC-USDT,88173.7,0,buy
1766134413142,BTC-USDT,88173.5,0,buy
1766134413142,BTC-USDT,88173.1,0,buy
1766134413142,BTC-USDT,88172.0,0,buy
1766134413142,BTC-USDT,88172.0,0,buy
1766134413142,BTC-USDT,88172.0,0,buy
1766134410609,BTC-USDT,88157.1,0,buy
1766134407142,BTC-USDT,88163.5,0,sell
1766134405142,BTC-USDT,88164.3,0,sell
1766134405142,BTC-USDT,88164.3,0,sell
1766134404142,BTC-USDT,88182.0,0,sell
1766134394974,BTC-USDT,88177.4,0,buy
1766134394974,BTC-USDT,88177.4,0,buy
1766134394974,BTC-USDT,88177.4,0,buy
1766134394974,BTC-USDT,88177.1,0,buy
1766134393142,BTC-USDT,88179.1,0,sell
1766134393142,BTC-USDT,88180.0,0,sell
1766134393142,BTC-USDT,88182.0,0,sell
1766134393142,BTC-USDT,88182.0,0,sell
1766134387642,BTC-USDT,88179.5,0,buy
1766134387642,BTC-USDT,88179.1,0,buy
1766134384642,BTC-USDT,88175.9,0,buy
1766134384642,BTC-USDT,88175.5,0,buy
1766134384642,BTC-USDT,88175.1,0,buy
1766134376974,BTC-USDT,88169.3,0,buy
1766134376642,BTC-USDT,88165.5,0,buy
1766134376642,BTC-USDT,88165.1,0,buy
1766134376642,BTC-USDT,88164.7,0,buy
1766134376642,BTC-USDT,88163.0,0,buy
1766134376642,BTC-USDT,88163.0,0,buy
1766134376642,BTC-USDT,88160.3,0,buy
1766134375974,BTC-USDT,88157.1,0,buy
1766134362642,BTC-USDT,88164.0,0,buy
1766134362642,BTC-USDT,88163.7,0,buy
1766134362642,BTC-USDT,88163.3,0,buy
1766134362642,BTC-USDT,88163.3,0,buy
1766134362642,BTC-USDT,88162.9,0,buy
1766134361974,BTC-USDT,88162.1,0,buy
1766134358642,BTC-USDT,88159.9,0,buy
1766134358642,BTC-USDT,88159.5,0,buy
1766134358642,BTC-USDT,88159.1,0,buy
1766134358642,BTC-USDT,88158.7,0,buy
1766134358642,BTC-USDT,88158.3,0,buy
1766134355642,BTC-USDT,88151.4,0,buy
1766134355642,BTC-USDT,88149.5,0,buy
1766134355642,BTC-USDT,88149.5,0,buy
1766134355642,BTC-USDT,88146.0,0,buy
1766134355642,BTC-USDT,88144.8,0,buy
1766134353974,BTC-USDT,88153.3,0,sell
1766134353974,BTC-USDT,88153.6,0,sell
1766134353974,BTC-USDT,88153.9,0,sell
1766134353974,BTC-USDT,88154.3,0,sell
1766134353974,BTC-USDT,88154.7,0,sell
1766134353642,BTC-USDT,88170.5,0,sell
1766134353642,BTC-USDT,88170.9,0,sell
1766134353642,BTC-USDT,88171.1,0,sell
1766134353642,BTC-USDT,88171.5,0,sell
1766134353642,BTC-USDT,88171.9,0,sell
1766134352642,BTC-USDT,88172.5,0,sell
1766134352642,BTC-USDT,88172.9,0,sell
1766134351974,BTC-USDT,88178.9,0,sell
1766134351974,BTC-USDT,88181.7,0,sell
1766134351974,BTC-USDT,88182.0,0,sell
1766134351974,BTC-USDT,88182.3,0,sell
1766134351974,BTC-USDT,88182.7,0,sell
1766134351974,BTC-USDT,88183.0,0,sell
1766134351642,BTC-USDT,88185.7,0,sell
1766134351642,BTC-USDT,88185.9,0,sell
1766134351642,BTC-USDT,88186.3,0,sell
1766134351642,BTC-USDT,88186.7,0,sell
1766134351642,BTC-USDT,88187.1,0,sell
1766134351642,BTC-USDT,88187.1,0,sell
1766134351642,BTC-USDT,88187.1,0,sell
1766134350974,BTC-USDT,88188.0,0,sell
1766134350642,BTC-USDT,88188.1,0,sell
1766134350642,BTC-USDT,88188.5,0,sell
1766134350642,BTC-USDT,88188.8,0,sell
1766134350642,BTC-USDT,88189.1,0,sell
1766134350642,BTC-USDT,88189.5,0,sell
1766134350580,BTC-USDT,88189.7,0,sell
1766134350305,BTC-USDT,88189.7,0,sell
1766134350182,BTC-USDT,88189.7,0,sell
1766134348642,BTC-USDT,88192.3,0,sell
1766134348642,BTC-USDT,88192.7,0,sell
1766134348642,BTC-USDT,88193.0,0,sell
1766134348642,BTC-USDT,88193.3,0,sell
1766134348642,BTC-USDT,88193.7,0,sell
1766134347974,BTC-USDT,88195.7,0,sell
1766134347974,BTC-USDT,88196.2,0,sell
1766134347974,BTC-USDT,88196.5,0,sell
1766134347974,BTC-USDT,88196.6,0,sell
1766134347974,BTC-USDT,88196.9,0,sell
1766134347974,BTC-USDT,88197.3,0,sell
1766134347642,BTC-USDT,88209.3,0,sell
1766134347642,BTC-USDT,88210.3,0,sell
1766134347642,BTC-USDT,88211.9,0,sell
1766134347642,BTC-USDT,88212.6,0,sell
1766134347642,BTC-USDT,88212.6,0,sell
1766134347642,BTC-USDT,88214.0,0,sell
1766134345642,BTC-USDT,88213.4,0,buy
1766134345642,BTC-USDT,88213.1,0,buy
1766134345642,BTC-USDT,88212.8,0,buy
1766134345642,BTC-USDT,88212.5,0,buy
1766134345642,BTC-USDT,88212.5,0,buy
1766134345642,BTC-USDT,88212.2,0,buy
1766134334499,BTC-USDT,88230.5,0,buy
1766134334499,BTC-USDT,88229.0,0,buy
1766134334499,BTC-USDT,88228.9,0,buy
1766134334499,BTC-USDT,88228.6,0,buy
1766134334499,BTC-USDT,88228.5,0,buy
1766134334499,BTC-USDT,88228.4,0,buy
1766134334499,BTC-USDT,88227.8,0,buy
1766134334499,BTC-USDT,88227.0,0,buy
1766134334499,BTC-USDT,88226.0,0,buy
1766134334499,BTC-USDT,88225.9,0,buy
1766134334499,BTC-USDT,88225.8,0,buy
1766134334499,BTC-USDT,88225.7,0,buy
1766134334499,BTC-USDT,88225.4,0,buy
1766134334499,BTC-USDT,88224.8,0,buy
1766134334499,BTC-USDT,88222.2,0,buy
1766134334499,BTC-USDT,88222.0,0,buy
1766134334499,BTC-USDT,88221.9,0,buy
1766134334499,BTC-USDT,88221.7,0,buy
1766134334499,BTC-USDT,88221.6,0,buy
1766134334499,BTC-USDT,88221.1,0,buy
1766134334499,BTC-USDT,88220.6,0,buy
1766134334499,BTC-USDT,88219.6,0,buy
1766134334499,BTC-USDT,88219.0,0,buy
1766134334499,BTC-USDT,88218.9,0,buy
1766134334499,BTC-USDT,88218.6,0,buy
1766134334499,BTC-USDT,88217.4,0,buy
1766134334499,BTC-USDT,88217.3,0,buy
1766134334499,BTC-USDT,88216.8,0,buy
1766134334499,BTC-USDT,88216.0,0,buy
1766134334499,BTC-USDT,88215.9,0,buy
1766134334499,BTC-USDT,88215.7,0,buy
1766134334499,BTC-USDT,88215.2,0,buy
1766134334499,BTC-USDT,88213.8,0,buy
1766134334499,BTC-USDT,88213.4,0,buy
1766134334499,BTC-USDT,88213.3,0,buy
1766134334499,BTC-USDT,88213.1,0,buy
1766134334499,BTC-USDT,88212.9,0,buy
1766134334499,BTC-USDT,88212.8,0,buy
1766134334499,BTC-USDT,88212.7,0,buy
1766134334499,BTC-USDT,88212.5,0,buy
1766134334499,BTC-USDT,88212.4,0,buy
1766134334499,BTC-USDT,88212.2,0,buy
1766134334499,BTC-USDT,88212.0,0,buy
1766134334499,BTC-USDT,88211.7,0,buy
1766134330649,BTC-USDT,88206.1,0,sell
1766134330649,BTC-USDT,88207.0,0,sell
1766134330649,BTC-USDT,88209.0,0,sell
1766134330649,BTC-USDT,88209.5,0,sell
1766134330649,BTC-USDT,88210.0,0,sell
1766134330649,BTC-USDT,88211.0,0,sell
1766134330649,BTC-USDT,88211.5,0,sell
1766134330642,BTC-USDT,88211.7,0,buy
1766134329974,BTC-USDT,88208.4,0,buy
1766134329974,BTC-USDT,88208.0,0,buy
1766134329974,BTC-USDT,88207.3,0,buy
1766134329642,BTC-USDT,88206.2,0,buy
1766134329642,BTC-USDT,88205.8,0,buy
1766134329642,BTC-USDT,88205.2,0,buy
1766134329642,BTC-USDT,88203.2,0,buy
1766134329642,BTC-USDT,88202.8,0,buy
1766134329642,BTC-USDT,88201.5,0,buy
1766134329642,BTC-USDT,88200.5,0,buy
1766134329642,BTC-USDT,88200.0,0,buy
1766134329642,BTC-USDT,88200.0,0,buy
1766134329642,BTC-USDT,88200.0,0,buy
1766134329642,BTC-USDT,88200.0,0,buy
1766134329642,BTC-USDT,88199.9,0,buy
1766134328642,BTC-USDT,88199.1,0,buy
1766134328642,BTC-USDT,88199.1,0,buy
1766134328642,BTC-USDT,88199.1,0,buy
1766134328642,BTC-USDT,88199.1,0,buy
1766134328642,BTC-USDT,88199.1,0,buy
1766134326642,BTC-USDT,88197.3,0,buy
1766134326642,BTC-USDT,88196.2,0,buy
1766134322642,BTC-USDT,88193.1,0,sell
1766134321642,BTC-USDT,88197.0,0,sell
1766134321642,BTC-USDT,88198.3,0,sell
1766134321642,BTC-USDT,88198.8,0,sell
1766134318642,BTC-USDT,88198.2,0,buy
1766134317642,BTC-USDT,88196.7,0,buy
1766134317642,BTC-USDT,88195.4,0,buy
1766134317642,BTC-USDT,88195.2,0,buy
1766134317642,BTC-USDT,88194.4,0,buy
1766134316643,BTC-USDT,88190.1,0,buy
1766134316642,BTC-USDT,88190.1,0,buy
1766134316642,BTC-USDT,88190.1,0,buy
1766134316642,BTC-USDT,88190.1,0,buy
1766134316642,BTC-USDT,88190.1,0,buy
1766134315974,BTC-USDT,88189.8,0,buy
1766134315642,BTC-USDT,88189.3,0,buy
1766134315642,BTC-USDT,88189.1,0,buy
1766134315642,BTC-USDT,88189.0,0,buy
1766134315642,BTC-USDT,88188.7,0,buy
1766134315642,BTC-USDT,88188.3,0,buy
1766134315642,BTC-USDT,88188.1,0,buy
1766134314642,BTC-USDT,88187.5,0,buy
1766134314642,BTC-USDT,88187.1,0,buy
1766134314642,BTC-USDT,88186.9,0,buy
1766134314642,BTC-USDT,88186.5,0,buy
1766134314642,BTC-USDT,88186.3,0,buy
1766134301642,BTC-USDT,88185.8,0,buy
1766134300974,BTC-USDT,88184.0,0,buy
1766134299974,BTC-USDT,88183.0,0,buy
1766134299974,BTC-USDT,88182.7,0,buy
1766134299974,BTC-USDT,88182.3,0,buy
1766134299642,BTC-USDT,88177.9,0,buy
1766134299642,BTC-USDT,88177.5,0,buy
1766134299642,BTC-USDT,88177.1,0,buy
1766134299642,BTC-USDT,88176.7,0,buy
1766134299642,BTC-USDT,88176.3,0,buy
1766134298642,BTC-USDT,88175.1,0,buy
1766134298642,BTC-USDT,88174.0,0,buy
1766134298642,BTC-USDT,88173.0,0,buy
1766134296974,BTC-USDT,88175.4,0,sell
1766134296642,BTC-USDT,88159.5,0,buy
1766134296642,BTC-USDT,88159.1,0,buy
1766134296642,BTC-USDT,88158.9,0,buy
1766134296642,BTC-USDT,88158.5,0,buy
1766134296642,BTC-USDT,88158.1,0,buy
1766134295642,BTC-USDT,88157.1,0,buy
1766134294642,BTC-USDT,88152.0,0,buy
1766134294642,BTC-USDT,88151.0,0,buy
1766134293642,BTC-USDT,88148.0,0,buy
1766134293642,BTC-USDT,88148.0,0,buy
1766134293642,BTC-USDT,88147.6,0,buy
1766134293642,BTC-USDT,88147.6,0,buy
1766134290412,BTC-USDT,88147.1,0,buy
1766134289310,BTC-USDT,88147.3,0,buy
1766134289310,BTC-USDT,88147.1,0,buy
1766134288210,BTC-USDT,88147.3,0,buy
1766134288210,BTC-USDT,88147.1,0,buy
1766134287110,BTC-USDT,88147.3,0,buy
1766134287110,BTC-USDT,88147.1,0,buy
1766134286008,BTC-USDT,88147.2,0,buy
1766134286008,BTC-USDT,88147.1,0,buy
1766134283442,BTC-USDT,88152.1,0,sell
1766134283442,BTC-USDT,88152.9,0,sell
1766134282007,BTC-USDT,88154.0,0,buy
1766134282007,BTC-USDT,88153.9,0,buy
1766134282007,BTC-USDT,88153.7,0,buy
1766134282007,BTC-USDT,88153.5,0,buy
1766134282007,BTC-USDT,88153.3,0,buy
1766134282007,BTC-USDT,88153.1,0,buy
1766134281161,BTC-USDT,88151.0,0,sell
1766134281161,BTC-USDT,88152.1,0,sell
1766134280146,BTC-USDT,88149.7,0,buy
1766134280146,BTC-USDT,88149.3,0,buy
1766134280146,BTC-USDT,88149.0,0,buy
1766134280146,BTC-USDT,88148.0,0,buy
1766134280146,BTC-USDT,88147.2,0,buy
1766134279142,BTC-USDT,88133.5,0,buy
1766134277142,BTC-USDT,88140.5,0,sell
1766134277142,BTC-USDT,88140.9,0,sell
1766134277142,BTC-USDT,88141.3,0,sell
1766134277142,BTC-USDT,88141.7,0,sell
1766134277142,BTC-USDT,88142.1,0,sell
1766134271680,BTC-USDT,88168.8,0,buy
1766134271680,BTC-USDT,88168.6,0,buy
1766134271142,BTC-USDT,88168.5,0,sell
1766134270974,BTC-USDT,88169.0,0,sell
1766134270142,BTC-USDT,88178.0,0,sell
1766134270142,BTC-USDT,88179.3,0,sell
1766134270142,BTC-USDT,88180.0,0,sell
1766134270142,BTC-USDT,88180.0,0,sell
1766134270142,BTC-USDT,88181.4,0,sell
1766134270142,BTC-USDT,88183.0,0,sell
1766134269974,BTC-USDT,88185.9,0,sell
1766134268974,BTC-USDT,88187.9,0,sell
1766134263142,BTC-USDT,88187.5,0,buy
1766134263142,BTC-USDT,88187.1,0,buy
1766134263142,BTC-USDT,88186.9,0,buy
1766134263142,BTC-USDT,88186.7,0,buy
1766134263142,BTC-USDT,88186.5,0,buy
1766134263142,BTC-USDT,88186.3,0,buy
1766134263142,BTC-USDT,88186.1,0,buy
1766134261615,BTC-USDT,88185.3,0,sell
1766134261615,BTC-USDT,88185.8,0,sell
1766134261615,BTC-USDT,88185.9,0,sell
1766134257142,BTC-USDT,88184.7,0,buy
1766134257142,BTC-USDT,88184.3,0,buy
1766134256975,BTC-USDT,88169.9,0,buy
1766134256334,BTC-USDT,88170.6,0,sell
1766134256334,BTC-USDT,88179.0,0,sell
1766134256334,BTC-USDT,88179.9,0,sell
1766134256334,BTC-USDT,88180.2,0,sell
1766134256334,BTC-USDT,88182.3,0,sell
1766134256334,BTC-USDT,88183.0,0,sell
1766134256334,BTC-USDT,88183.9,0,sell
1766134256142,BTC-USDT,88183.6,0,buy
1766134256142,BTC-USDT,88182.5,0,buy
1766134255974,BTC-USDT,88180.0,0,buy
1766134255974,BTC-USDT,88179.0,0,buy
1766134255974,BTC-USDT,88179.0,0,buy
1766134255974,BTC-USDT,88177.0,0,buy
1766134255974,BTC-USDT,88177.0,0,buy
1766134255974,BTC-USDT,88175.0,0,buy
1766134252974,BTC-USDT,88182.2,0,sell
1766134252142,BTC-USDT,88181.8,0,buy
1766134252142,BTC-USDT,88180.2,0,buy
1766134252142,BTC-USDT,88178.6,0,buy
1766134252142,BTC-USDT,88176.8,0,buy
1766134252142,BTC-USDT,88176.4,0,buy
1766134252142,BTC-USDT,88176.3,0,buy
1766134252142,BTC-USDT,88175.1,0,buy
1766134252142,BTC-USDT,88175.0,0,buy
1766134250142,BTC-USDT,88171.9,0,buy
1766134250142,BTC-USDT,88171.4,0,buy
1766134245974,BTC-USDT,88170.0,0,buy
1766134244974,BTC-USDT,88166.0,0,buy
1766134242142,BTC-USDT,88160.1,0,buy
1766134242142,BTC-USDT,88160.1,0,buy
1766134242142,BTC-USDT,88159.0,0,buy
1766134242142,BTC-USDT,88157.0,0,buy
1766134237974,BTC-USDT,88169.9,0,sell
1766134236974,BTC-USDT,88169.0,0,buy
1766134236974,BTC-USDT,88167.1,0,buy
1766134236974,BTC-USDT,88166.6,0,buy
1766134236142,BTC-USDT,88166.6,0,buy
1766134236142,BTC-USDT,88165.9,0,buy
1766134236142,BTC-USDT,88165.2,0,buy
1766134236142,BTC-USDT,88164.9,0,buy
1766134236142,BTC-USDT,88163.6,0,buy
1766134236142,BTC-USDT,88163.2,0,buy
1766134236142,BTC-USDT,88162.9,0,buy
1766134236142,BTC-USDT,88161.8,0,buy
1766134236142,BTC-USDT,88161.7,0,buy
1766134236142,BTC-USDT,88160.5,0,buy
1766134236142,BTC-USDT,88160.2,0,buy
1766134236142,BTC-USDT,88160.0,0,buy
1766134236142,BTC-USDT,88159.7,0,buy
1766134236142,BTC-USDT,88159.3,0,buy
1766134236142,BTC-USDT,88157.7,0,buy
1766134236142,BTC-USDT,88154.5,0,buy
1766134236142,BTC-USDT,88154.3,0,buy
1766134236142,BTC-USDT,88152.0,0,buy
1766134234974,BTC-USDT,88143.9,0,buy
1766134234974,BTC-USDT,88143.5,0,buy
1766134234974,BTC-USDT,88143.2,0,buy
1766134234142,BTC-USDT,88142.1,0,buy
1766134234142,BTC-USDT,88141.7,0,buy
1766134234142,BTC-USDT,88141.3,0,buy
1766134234142,BTC-USDT,88140.9,0,buy
1766134234142,BTC-USDT,88140.5,0,buy
1766134227974,BTC-USDT,88124.0,0,buy
1766134227974,BTC-USDT,88123.2,0,buy
1766134227974,BTC-USDT,88122.1,0,buy
1766134221974,BTC-USDT,88135.1,0,sell
1766134220978,BTC-USDT,88138.7,0,sell
1766134216974,BTC-USDT,88150.1,0,buy
1766134216974,BTC-USDT,88149.7,0,buy
1766134216974,BTC-USDT,88148.8,0,buy
1766134216974,BTC-USDT,88147.3,0,buy
1766134216974,BTC-USDT,88146.9,0,buy
1766134216974,BTC-USDT,88146.7,0,buy
1766134216974,BTC-USDT,88145.6,0,buy
1766134216974,BTC-USDT,88144.7,0,buy
1766134216974,BTC-USDT,88142.8,0,buy
1766134216974,BTC-USDT,88142.0,0,buy
1766134216974,BTC-USDT,88141.2,0,buy
1766134216974,BTC-USDT,88141.0,0,buy
1766134216974,BTC-USDT,88140.0,0,buy
1766134216974,BTC-USDT,88138.2,0,buy
1766134216974,BTC-USDT,88137.2,0,buy
1766134216974,BTC-USDT,88136.6,0,buy
1766134216974,BTC-USDT,88135.1,0,buy
1766134216642,BTC-USDT,88131.8,0,buy
1766134216642,BTC-USDT,88129.7,0,buy
1766134216642,BTC-USDT,88128.7,0,buy
1766134216642,BTC-USDT,88128.3,0,buy
1766134216642,BTC-USDT,88125.0,0,buy
1766134216642,BTC-USDT,88124.6,0,buy
1766134216642,BTC-USDT,88120.2,0,buy
1766134216642,BTC-USDT,88120.0,0,buy
1766134216642,BTC-USDT,88119.9,0,buy
1766134216642,BTC-USDT,88118.0,0,buy
1766134216642,BTC-USDT,88117.9,0,buy
1766134216642,BTC-USDT,88117.6,0,buy
1766134216642,BTC-USDT,88108.1,0,buy
1766134216642,BTC-USDT,88107.3,0,buy
1766134216642,BTC-USDT,88107.0,0,buy
1766134216642,BTC-USDT,88106.8,0,buy
1766134216642,BTC-USDT,88106.7,0,buy
1766134216642,BTC-USDT,88106.5,0,buy
1766134216642,BTC-USDT,88106.2,0,buy
1766134213801,BTC-USDT,88105.9,0,sell
1766134213566,BTC-USDT,88105.9,0,sell
1766134213404,BTC-USDT,88105.9,0,sell
1766134211061,BTC-USDT,88105.0,0,sell
1766134210642,BTC-USDT,88104.3,0,buy
1766134210642,BTC-USDT,88103.2,0,buy
1766134210642,BTC-USDT,88102.9,0,buy
1766134210642,BTC-USDT,88102.0,0,buy
1766134209642,BTC-USDT,88100.0,0,buy
1766134209642,BTC-USDT,88100.0,0,buy
1766134208642,BTC-USDT,88091.0,0,buy
1766134205642,BTC-USDT,88105.0,0,sell
1766134192974,BTC-USDT,88100.8,0,buy
1766134192974,BTC-USDT,88095.7,0,buy
1766134192974,BTC-USDT,88093.7,0,buy
1766134192974,BTC-USDT,88090.9,0,buy
1766134192974,BTC-USDT,88079.9,0,buy
1766134192793,BTC-USDT,87933.3,0,sell
1766134192793,BTC-USDT,87937.5,0,sell
1766134192793,BTC-USDT,87938.5,0,sell
1766134192793,BTC-USDT,87938.6,0,sell
1766134192793,BTC-USDT,87939.0,0,sell
1766134192793,BTC-USDT,87939.3,0,sell
1766134192793,BTC-USDT,87940.0,0,sell
1766134192793,BTC-USDT,87941.1,0,sell
1766134192793,BTC-USDT,87941.8,0,sell
1766134192793,BTC-USDT,87943.1,0,sell
1766134192793,BTC-USDT,87944.0,0,sell
1766134192793,BTC-USDT,87944.8,0,sell
1766134192793,BTC-USDT,87945.9,0,sell
1766134192793,BTC-USDT,87949.8,0,sell
1766134192793,BTC-USDT,87952.7,0,sell
1766134192793,BTC-USDT,87953.7,0,sell
1766134192793,BTC-USDT,87960.0,0,sell
1766134192793,BTC-USDT,87963.0,0,sell
1766134192793,BTC-USDT,87964.7,0,sell
1766134192793,BTC-USDT,87965.0,0,sell
1766134192793,BTC-USDT,87965.2,0,sell
1766134192793,BTC-USDT,87966.4,0,sell
1766134192793,BTC-USDT,87967.9,0,sell
1766134192793,BTC-USDT,87968.7,0,sell
1766134192793,BTC-USDT,87973.5,0,sell
1766134192793,BTC-USDT,87975.5,0,sell
1766134192793,BTC-USDT,87976.2,0,sell
1766134192793,BTC-USDT,87977.0,0,sell
1766134192793,BTC-USDT,87978.5,0,sell
1766134192793,BTC-USDT,87980.0,0,sell
1766134192793,BTC-USDT,87980.5,0,sell
1766134192793,BTC-USDT,87980.7,0,sell
1766134192793,BTC-USDT,87982.9,0,sell
1766134192793,BTC-USDT,87984.5,0,sell
1766134192793,BTC-USDT,87984.6,0,sell
1766134192793,BTC-USDT,87985.4,0,sell
1766134192793,BTC-USDT,87991.9,0,sell
1766134192793,BTC-USDT,87992.0,0,sell
1766134192793,BTC-USDT,87993.8,0,sell
1766134192793,BTC-USDT,87996.8,0,sell
1766134192793,BTC-USDT,87997.3,0,sell
1766134192793,BTC-USDT,87998.5,0,sell
1766134192793,BTC-USDT,88000.0,0,sell
1766134192793,BTC-USDT,88046.5,0,sell
1766134192793,BTC-USDT,88055.3,0,sell
1766134192793,BTC-USDT,88055.5,0,sell
1766134192793,BTC-USDT,88064.1,0,sell
1766134192793,BTC-USDT,88072.9,0,sell
1766134192793,BTC-USDT,88081.7,0,sell
1766134192793,BTC-USDT,88101.0,0,sell
1766134192793,BTC-USDT,88102.0,0,sell
1766134192793,BTC-USDT,88102.9,0,sell
1766134192793,BTC-USDT,88103.0,0,sell
1766134192793,BTC-USDT,88103.9,0,sell
1766134192793,BTC-USDT,88104.0,0,sell
1766134192793,BTC-USDT,88104.2,0,sell
1766134192793,BTC-USDT,88105.0,0,sell
1766134192793,BTC-USDT,88105.9,0,sell
1766134190642,BTC-USDT,88103.2,0,buy
1766134190642,BTC-USDT,88101.8,0,buy
1766134190642,BTC-USDT,88100.6,0,buy
1766134186642,BTC-USDT,88093.0,0,buy
1766134186642,BTC-USDT,88091.6,0,buy
1766134186642,BTC-USDT,88091.0,0,buy
1766134186642,BTC-USDT,88091.0,0,buy
1766134183974,BTC-USDT,88093.0,0,sell
1766134183974,BTC-USDT,88095.0,0,sell
1766134183642,BTC-USDT,88101.2,0,sell
1766134183642,BTC-USDT,88101.2,0,sell
1766134183642,BTC-USDT,88101.2,0,sell
1766134183642,BTC-USDT,88102.0,0,sell
1766134183642,BTC-USDT,88103.8,0,sell
1766134183642,BTC-USDT,88105.0,0,sell
1766134183642,BTC-USDT,88106.0,0,sell
1766134179642,BTC-USDT,88102.4,0,buy
1766134179642,BTC-USDT,88102.1,0,buy
1766134179642,BTC-USDT,88101.7,0,buy
1766134179642,BTC-USDT,88101.3,0,buy
1766134179642,BTC-USDT,88101.0,0,buy
1766134178974,BTC-USDT,88100.0,0,buy
1766134177642,BTC-USDT,88099.5,0,buy
1766134177642,BTC-USDT,88099.1,0,buy
1766134177642,BTC-USDT,88099.1,0,buy
1766134177642,BTC-USDT,88098.9,0,buy
1766134177599,BTC-USDT,88095.1,0,sell
1766134176981,BTC-USDT,88095.1,0,sell
1766134176981,BTC-USDT,88096.0,0,sell
1766134176981,BTC-USDT,88096.8,0,sell
1766134176981,BTC-USDT,88097.0,0,sell
1766134176981,BTC-USDT,88097.2,0,sell
1766134176981,BTC-USDT,88097.9,0,sell
1766134176981,BTC-USDT,88098.1,0,sell
1766134176974,BTC-USDT,88098.0,0,buy
1766134176425,BTC-USDT,88162.9,0,buy
1766134176425,BTC-USDT,88161.8,0,buy
1766134176425,BTC-USDT,88161.7,0,buy
1766134176425,BTC-USDT,88160.0,0,buy
1766134176425,BTC-USDT,88159.9,0,buy
1766134176425,BTC-USDT,88159.2,0,buy
1766134176425,BTC-USDT,88157.7,0,buy
1766134176425,BTC-USDT,88156.8,0,buy
1766134176425,BTC-USDT,88155.5,0,buy
1766134176425,BTC-USDT,88154.5,0,buy
1766134176425,BTC-USDT,88154.3,0,buy
1766134176425,BTC-USDT,88153.8,0,buy
1766134176425,BTC-USDT,88152.0,0,buy
1766134176425,BTC-USDT,88150.0,0,buy
1766134176425,BTC-USDT,88149.7,0,buy
1766134176425,BTC-USDT,88148.8,0,buy
1766134176425,BTC-USDT,88148.1,0,buy
1766134176425,BTC-USDT,88147.3,0,buy
1766134176425,BTC-USDT,88146.9,0,buy
1766134176425,BTC-USDT,88146.7,0,buy
1766134176425,BTC-USDT,88145.6,0,buy
1766134176425,BTC-USDT,88144.7,0,buy
1766134176425,BTC-USDT,88142.8,0,buy
1766134176425,BTC-USDT,88142.0,0,buy
1766134176425,BTC-USDT,88141.0,0,buy
1766134176425,BTC-USDT,88140.1,0,buy
1766134176425,BTC-USDT,88140.0,0,buy
1766134176425,BTC-USDT,88138.2,0,buy
1766134176425,BTC-USDT,88137.8,0,buy
1766134176425,BTC-USDT,88137.6,0,buy
1766134176425,BTC-USDT,88137.2,0,buy
1766134176425,BTC-USDT,88136.6,0,buy
1766134176425,BTC-USDT,88135.1,0,buy
1766134176425,BTC-USDT,88133.3,0,buy
1766134176425,BTC-USDT,88132.3,0,buy
1766134176425,BTC-USDT,88132.0,0,buy
1766134176425,BTC-USDT,88131.8,0,buy
1766134176425,BTC-USDT,88130.0,0,buy
1766134176425,BTC-USDT,88129.7,0,buy
1766134176425,BTC-USDT,88128.8,0,buy
1766134176425,BTC-USDT,88128.7,0,buy
1766134176425,BTC-USDT,88128.3,0,buy
1766134176425,BTC-USDT,88128.1,0,buy
1766134176425,BTC-USDT,88127.4,0,buy
1766134176425,BTC-USDT,88125.0,0,buy
1766134176425,BTC-USDT,88124.9,0,buy
1766134176425,BTC-USDT,88124.8,0,buy
1766134176425,BTC-USDT,88124.6,0,buy
1766134176425,BTC-USDT,88123.0,0,buy
1766134176425,BTC-USDT,88120.2,0,buy
1766134176425,BTC-USDT,88120.0,0,buy
1766134176425,BTC-USDT,88119.9,0,buy
1766134176425,BTC-USDT,88111.2,0,buy
1766134176425,BTC-USDT,88102.4,0,buy
1766134176425,BTC-USDT,88096.3,0,buy
1766134176425,BTC-USDT,88096.1,0,buy
1766134176425,BTC-USDT,88096.0,0,buy
1766134176425,BTC-USDT,88095.9,0,buy
1766134176425,BTC-USDT,88095.7,0,buy
1766134176425,BTC-USDT,88095.5,0,buy
1766134176425,BTC-USDT,88095.3,0,buy
1766134176425,BTC-USDT,88095.1,0,buy
1766134176425,BTC-USDT,88095.0,0,buy
1766134175642,BTC-USDT,88092.1,0,buy
1766134175642,BTC-USDT,88092.1,0,buy
1766134175642,BTC-USDT,88092.1,0,buy
1766134175642,BTC-USDT,88092.1,0,buy
1766134174642,BTC-USDT,88089.0,0,buy
1766134174642,BTC-USDT,88088.7,0,buy
1766134173642,BTC-USDT,88085.6,0,buy
1766134173642,BTC-USDT,88084.9,0,buy
1766134173642,BTC-USDT,88084.9,0,buy
1766134173642,BTC-USDT,88084.5,0,buy
1766134172974,BTC-USDT,88075.8,0,buy
1766134168643,BTC-USDT,88093.0,0,sell
1766134168493,BTC-USDT,88089.0,0,buy
1766134168493,BTC-USDT,88079.2,0,buy
1766134168493,BTC-USDT,88079.0,0,buy
1766134168493,BTC-USDT,88078.0,0,buy
1766134168493,BTC-USDT,88077.8,0,buy
1766134168493,BTC-USDT,88077.7,0,buy
1766134168493,BTC-USDT,88077.6,0,buy
1766134168493,BTC-USDT,88077.5,0,buy
1766134168493,BTC-USDT,88077.0,0,buy
1766134167969,BTC-USDT,88077.0,0,buy
1766134167951,BTC-USDT,88077.0,0,buy
1766134167951,BTC-USDT,88077.0,0,buy
1766134167951,BTC-USDT,88077.0,0,buy
1766134167951,BTC-USDT,88077.0,0,buy
1766134167951,BTC-USDT,88077.0,0,buy
1766134167951,BTC-USDT,88077.0,0,buy
1766134167951,BTC-USDT,88077.0,0,buy
1766134167951,BTC-USDT,88077.0,0,buy
1766134167951,BTC-USDT,88077.0,0,buy
1766134167951,BTC-USDT,88077.0,0,buy
1766134167951,BTC-USDT,88077.0,0,buy
1766134167951,BTC-USDT,88077.0,0,buy
1766134167951,BTC-USDT,88077.0,0,buy
1766134167951,BTC-USDT,88077.0,0,buy
1766134167951,BTC-USDT,88077.0,0,buy
1766134167951,BTC-USDT,88077.0,0,buy
1766134167951,BTC-USDT,88077.0,0,buy
1766134167951,BTC-USDT,88077.0,0,buy
1766134167951,BTC-USDT,88077.0,0,buy
1766134167951,BTC-USDT,88077.0,0,buy
1766134167951,BTC-USDT,88077.0,0,buy
1766134167951,BTC-USDT,88077.0,0,buy
1766134167951,BTC-USDT,88077.0,0,buy
1766134167951,BTC-USDT,88077.0,0,buy
1766134167951,BTC-USDT,88077.0,0,buy
1766134167951,BTC-USDT,88077.0,0,buy
1766134167951,BTC-USDT,88077.0,0,buy
1766134167951,BTC-USDT,88077.0,0,buy
1766134167951,BTC-USDT,88077.0,0,buy
1766134167951,BTC-USDT,88077.0,0,buy
1766134167951,BTC-USDT,88077.0,0,buy
1766134167951,BTC-USDT,88077.0,0,buy
1766134167951,BTC-USDT,88077.0,0,buy
1766134167951,BTC-USDT,88077.0,0,buy
1766134167951,BTC-USDT,88077.0,0,buy
1766134167951,BTC-USDT,88077.0,0,buy
1766134167951,BTC-USDT,88077.0,0,buy
1766134167951,BTC-USDT,88077.0,0,buy
1766134167951,BTC-USDT,88077.0,0,buy
1766134167951,BTC-USDT,88077.0,0,buy
1766134167951,BTC-USDT,88077.0,0,buy
1766134167951,BTC-USDT,88077.0,0,buy
1766134167951,BTC-USDT,88077.0,0,buy
1766134167951,BTC-USDT,88077.0,0,buy
1766134167951,BTC-USDT,88077.0,0,buy
1766134167951,BTC-USDT,88077.0,0,buy
1766134167951,BTC-USDT,88077.0,0,buy
1766134167951,BTC-USDT,88077.0,0,buy
1766134167951,BTC-USDT,88077.0,0,buy
1766134167951,BTC-USDT,88077.0,0,buy
1766134167951,BTC-USDT,88077.0,0,buy
1766134167951,BTC-USDT,88077.0,0,buy
1766134167951,BTC-USDT,88077.0,0,buy
1766134167951,BTC-USDT,88077.0,0,buy
1766134167951,BTC-USDT,88077.0,0,buy
1766134167951,BTC-USDT,88077.0,0,buy
1766134167951,BTC-USDT,88077.0,0,buy
1766134167951,BTC-USDT,88077.0,0,buy
1766134167951,BTC-USDT,88077.0,0,buy
1766134167951,BTC-USDT,88077.0,0,buy
1766134167951,BTC-USDT,88077.0,0,buy
1766134167951,BTC-USDT,88077.0,0,buy
1766134167951,BTC-USDT,88077.0,0,buy
1766134167951,BTC-USDT,88077.0,0,buy
1766134167951,BTC-USDT,88077.0,0,buy
1766134167951,BTC-USDT,88077.0,0,buy
1766134167951,BTC-USDT,88077.0,0,buy
1766134167951,BTC-USDT,88077.0,0,buy
1766134167951,BTC-USDT,88077.0,0,buy
1766134167951,BTC-USDT,88077.0,0,buy
1766134167951,BTC-USDT,88077.0,0,buy
1766134167951,BTC-USDT,88077.0,0,buy
1766134167951,BTC-USDT,88077.0,0,buy
1766134167951,BTC-USDT,88077.0,0,buy
1766134167951,BTC-USDT,88077.0,0,buy
1766134167951,BTC-USDT,88077.0,0,buy
1766134167951,BTC-USDT,88077.0,0,buy
1766134167951,BTC-USDT,88077.0,0,buy
1766134167951,BTC-USDT,88077.0,0,buy
1766134167951,BTC-USDT,88077.0,0,buy
1766134167951,BTC-USDT,88077.0,0,buy
1766134167951,BTC-USDT,88077.0,0,buy
1766134167951,BTC-USDT,88077.0,0,buy
1766134167951,BTC-USDT,88077.0,0,buy
1766134167951,BTC-USDT,88077.0,0,buy
1766134167951,BTC-USDT,88077.0,0,buy
1766134167951,BTC-USDT,88077.0,0,buy
1766134167951,BTC-USDT,88077.0,0,buy
1766134167951,BTC-USDT,88077.0,0,buy
1766134167951,BTC-USDT,88077.0,0,buy
1766134167951,BTC-USDT,88077.0,0,buy
1766134167951,BTC-USDT,88077.0,0,buy
1766134167951,BTC-USDT,88077.0,0,buy
1766134167951,BTC-USDT,88077.0,0,buy
1766134167951,BTC-USDT,88077.0,0,buy
1766134167951,BTC-USDT,88077.0,0,buy
1766134167951,BTC-USDT,88077.0,0,buy
1766134167951,BTC-USDT,88077.0,0,buy
1766134167642,BTC-USDT,88077.3,0,sell
1766134167642,BTC-USDT,88077.3,0,sell
1766134166642,BTC-USDT,88088.9,0,sell
1766134166642,BTC-USDT,88088.9,0,sell
1766134166642,BTC-USDT,88088.9,0,sell
1766134166642,BTC-USDT,88088.9,0,sell
1766134166642,BTC-USDT,88090.0,0,sell
1766134166642,BTC-USDT,88092.9,0,sell
1766134164642,BTC-USDT,88089.7,0,buy
1766134164642,BTC-USDT,88089.1,0,buy
1766134164642,BTC-USDT,88089.1,0,buy
1766134164642,BTC-USDT,88088.9,0,buy
1766134164642,BTC-USDT,88088.9,0,buy
1766134164642,BTC-USDT,88087.0,0,buy
1766134159642,BTC-USDT,88089.0,0,sell
1766134159642,BTC-USDT,88089.0,0,sell
1766134159642,BTC-USDT,88089.0,0,sell
1766134159298,BTC-USDT,88090.0,0,sell
1766134159298,BTC-USDT,88091.0,0,sell
1766134159298,BTC-USDT,88092.0,0,sell
1766134155974,BTC-USDT,88093.0,0,sell
1766134145751,BTC-USDT,88099.9,0,sell
1766134143324,BTC-USDT,88099.0,0,sell
1766134142974,BTC-USDT,88099.2,0,buy
1766134142642,BTC-USDT,88093.7,0,buy
1766134142642,BTC-USDT,88093.3,0,buy
1766134142642,BTC-USDT,88092.9,0,buy
1766134142642,BTC-USDT,88092.5,0,buy
1766134142642,BTC-USDT,88092.5,0,buy
1766134142642,BTC-USDT,88092.1,0,buy
1766134140073,BTC-USDT,88079.1,0,sell
1766134140073,BTC-USDT,88079.7,0,sell
1766134139696,BTC-USDT,88079.1,0,sell
1766134139696,BTC-USDT,88079.7,0,sell
1766134139696,BTC-USDT,88080.0,0,sell
1766134137642,BTC-USDT,88069.0,0,buy
1766134137642,BTC-USDT,88068.7,0,buy
1766134137642,BTC-USDT,88068.4,0,buy
1766134137642,BTC-USDT,88068.0,0,buy
1766134137642,BTC-USDT,88065.0,0,buy
1766134131642,BTC-USDT,88060.0,0,buy
1766134131642,BTC-USDT,88060.0,0,buy
1766134129652,BTC-USDT,88055.0,0,buy
1766134129652,BTC-USDT,88055.0,0,buy
1766134129652,BTC-USDT,88055.0,0,buy
1766134129652,BTC-USDT,88055.0,0,buy
1766134129652,BTC-USDT,88054.0,0,buy
1766134129652,BTC-USDT,88053.5,0,buy
1766134129652,BTC-USDT,88053.0,0,buy
1766134122642,BTC-USDT,88054.1,0,sell
1766134122642,BTC-USDT,88054.5,0,sell
1766134122642,BTC-USDT,88054.9,0,sell
1766134122642,BTC-USDT,88055.6,0,sell
1766134122642,BTC-USDT,88056.0,0,sell
1766134122642,BTC-USDT,88056.0,0,sell
1766134119974,BTC-USDT,88060.0,0,sell
1766134119974,BTC-USDT,88061.3,0,sell
1766134119642,BTC-USDT,88062.0,0,sell
1766134119642,BTC-USDT,88062.0,0,sell
1766134119642,BTC-USDT,88063.0,0,sell
1766134117642,BTC-USDT,88070.0,0,sell
1766134115642,BTC-USDT,88067.5,0,buy
1766134115642,BTC-USDT,88067.1,0,buy
1766134115642,BTC-USDT,88066.9,0,buy
1766134115642,BTC-USDT,88066.5,0,buy
1766134115642,BTC-USDT,88066.1,0,buy
1766134115642,BTC-USDT,88066.1,0,buy
1766134115642,BTC-USDT,88066.1,0,buy
1766134115642,BTC-USDT,88066.1,0,buy
1766134114642,BTC-USDT,88065.0,0,buy
1766134114642,BTC-USDT,88065.0,0,buy
1766134113642,BTC-USDT,88057.0,0,buy
1766134113642,BTC-USDT,88056.0,0,buy
1766134111642,BTC-USDT,88054.1,0,buy
1766134111642,BTC-USDT,88052.0,0,buy
1766134111642,BTC-USDT,88050.4,0,buy
1766134111642,BTC-USDT,88050.4,0,buy
1766134109974,BTC-USDT,88051.0,0,sell
1766134107642,BTC-USDT,88054.1,0,sell
1766134107642,BTC-USDT,88054.5,0,sell
1766134107642,BTC-USDT,88054.9,0,sell
1766134107642,BTC-USDT,88055.1,0,sell
1766134107642,BTC-USDT,88055.1,0,sell
1766134107642,BTC-USDT,88055.1,0,sell
1766134106642,BTC-USDT,88065.9,0,sell
1766134106642,BTC-USDT,88066.3,0,sell
1766134106642,BTC-USDT,88066.7,0,sell
1766134106642,BTC-USDT,88067.1,0,sell
1766134106642,BTC-USDT,88067.5,0,sell
1766134105642,BTC-USDT,88072.9,0,sell
1766134104974,BTC-USDT,88076.9,0,sell
1766134104974,BTC-USDT,88077.1,0,sell
1766134104974,BTC-USDT,88077.5,0,sell
1766134104974,BTC-USDT,88077.9,0,sell
1766134104974,BTC-USDT,88079.0,0,sell
1766134104642,BTC-USDT,88083.4,0,sell
1766134104642,BTC-USDT,88085.0,0,sell
1766134104642,BTC-USDT,88087.9,0,sell
1766134104642,BTC-USDT,88089.3,0,sell
1766134104642,BTC-USDT,88089.3,0,sell
1766134104642,BTC-USDT,88090.8,0,sell
1766134101642,BTC-USDT,88093.0,0,sell
1766134096642,BTC-USDT,88088.1,0,buy
1766134096642,BTC-USDT,88087.8,0,buy
1766134096642,BTC-USDT,88085.6,0,buy
1766134096642,BTC-USDT,88084.0,0,buy
1766134096642,BTC-USDT,88083.0,0,buy
1766134091642,BTC-USDT,88098.3,0,sell
1766134091642,BTC-USDT,88098.7,0,sell
1766134091642,BTC-USDT,88099.0,0,sell
1766134091642,BTC-USDT,88099.3,0,sell
1766134091642,BTC-USDT,88099.7,0,sell
1766134085642,BTC-USDT,88109.0,0,sell
1766134085642,BTC-USDT,88110.0,0,sell
1766134082974,BTC-USDT,88118.3,0,buy
1766134082642,BTC-USDT,88118.0,0,buy
1766134082642,BTC-USDT,88117.9,0,buy
1766134081974,BTC-USDT,88117.6,0,buy
1766134081974,BTC-USDT,88114.2,0,buy
1766134081974,BTC-USDT,88112.6,0,buy
1766134081642,BTC-USDT,88111.1,0,buy
1766134081642,BTC-USDT,88110.5,0,buy
1766134081642,BTC-USDT,88110.3,0,buy
1766134081642,BTC-USDT,88110.0,0,buy
1766134081642,BTC-USDT,88110.0,0,buy
1766134074990,BTC-USDT,88109.2,0,sell
1766134074974,BTC-USDT,88109.3,0,buy
1766134074816,BTC-USDT,88109.2,0,sell
1766134074670,BTC-USDT,88109.2,0,sell
1766134074642,BTC-USDT,88108.9,0,buy
1766134074642,BTC-USDT,88108.1,0,buy
1766134074642,BTC-USDT,88106.9,0,buy
1766134074642,BTC-USDT,88106.8,0,buy
1766134074642,BTC-USDT,88105.2,0,buy
1766134074642,BTC-USDT,88104.8,0,buy
1766134074642,BTC-USDT,88104.8,0,buy
1766134072898,BTC-USDT,88101.6,0,sell
1766134072898,BTC-USDT,88101.9,0,sell
1766134072898,BTC-USDT,88102.0,0,sell
1766134072642,BTC-USDT,88102.3,0,buy
1766134066974,BTC-USDT,88104.0,0,sell
1766134066549,BTC-USDT,88104.3,0,buy
1766134066549,BTC-USDT,88104.1,0,buy
1766134065642,BTC-USDT,88101.1,0,buy
1766134065642,BTC-USDT,88100.8,0,buy
1766134065642,BTC-USDT,88099.0,0,buy
1766134065642,BTC-USDT,88098.3,0,buy
1766134065642,BTC-USDT,88097.9,0,buy
1766134065642,BTC-USDT,88097.5,0,buy
1766134065642,BTC-USDT,88097.1,0,buy
1766134065642,BTC-USDT,88096.7,0,buy
1766134065642,BTC-USDT,88095.7,0,buy
1766134065642,BTC-USDT,88094.2,0,buy
1766134065642,BTC-USDT,88093.7,0,buy
1766134065642,BTC-USDT,88091.9,0,buy
1766134065642,BTC-USDT,88090.9,0,buy
1766134065642,BTC-USDT,88090.7,0,buy
1766134065642,BTC-USDT,88090.0,0,buy
1766134065642,BTC-USDT,88089.8,0,buy
1766134064642,BTC-USDT,88089.7,0,buy
1766134064642,BTC-USDT,88089.7,0,buy
1766134064642,BTC-USDT,88089.7,0,buy
1766134064642,BTC-USDT,88089.7,0,buy
1766134064642,BTC-USDT,88089.7,0,buy
1766134062974,BTC-USDT,88081.1,0,sell
1766134062642,BTC-USDT,88087.0,0,sell
1766134061642,BTC-USDT,88088.8,0,buy
1766134061642,BTC-USDT,88084.0,0,buy
1766134061642,BTC-USDT,88083.0,0,buy
1766134061642,BTC-USDT,88081.6,0,buy
1766134061642,BTC-USDT,88081.5,0,buy
1766134061642,BTC-USDT,88080.0,0,buy
1766134061642,BTC-USDT,88079.9,0,buy
1766134061642,BTC-USDT,88076.9,0,buy
1766134061642,BTC-USDT,88075.5,0,buy
1766134061642,BTC-USDT,88074.0,0,buy
1766134061642,BTC-USDT,88073.0,0,buy
1766134061642,BTC-USDT,88071.7,0,buy
1766134061642,BTC-USDT,88069.2,0,buy
1766134061642,BTC-USDT,88068.5,0,buy
1766134061642,BTC-USDT,88065.3,0,buy
1766134061642,BTC-USDT,88065.2,0,buy
1766134061642,BTC-USDT,88064.9,0,buy
1766134061642,BTC-USDT,88064.5,0,buy
1766134061642,BTC-USDT,88064.1,0,buy
1766134061642,BTC-USDT,88063.7,0,buy
1766134061642,BTC-USDT,88063.5,0,buy
1766134061642,BTC-USDT,88063.5,0,buy
1766134060974,BTC-USDT,88062.5,0,buy
1766134060974,BTC-USDT,88058.8,0,buy
1766134060974,BTC-USDT,88058.0,0,buy
1766134060974,BTC-USDT,88057.4,0,buy
1766134060974,BTC-USDT,88056.4,0,buy
1766134060974,BTC-USDT,88055.1,0,buy
1766134060974,BTC-USDT,88054.3,0,buy
1766134060642,BTC-USDT,88054.2,0,buy
1766134060642,BTC-USDT,88053.9,0,buy
1766134060642,BTC-USDT,88051.8,0,buy
1766134060642,BTC-USDT,88051.5,0,buy
1766134060642,BTC-USDT,88050.0,0,buy
1766134060642,BTC-USDT,88046.1,0,buy
1766134060642,BTC-USDT,88041.5,0,buy
1766134060642,BTC-USDT,88040.0,0,buy
1766134060642,BTC-USDT,88039.5,0,buy
1766134060642,BTC-USDT,88035.3,0,buy
1766134060642,BTC-USDT,88034.9,0,buy
1766134060642,BTC-USDT,88034.5,0,buy
1766134060642,BTC-USDT,88034.1,0,buy
1766134060642,BTC-USDT,88033.8,0,buy
1766134060642,BTC-USDT,88033.7,0,buy
1766134058642,BTC-USDT,88031.1,0,buy
1766134058642,BTC-USDT,88027.0,0,buy
1766134058642,BTC-USDT,88027.0,0,buy
1766134058642,BTC-USDT,88023.0,0,buy
1766134053974,BTC-USDT,88015.9,0,buy
1766134053642,BTC-USDT,88014.6,0,buy
1766134052974,BTC-USDT,88012.8,0,buy
1766134052642,BTC-USDT,88008.5,0,buy
1766134052642,BTC-USDT,88008.1,0,buy
1766134052642,BTC-USDT,88007.9,0,buy
1766134052642,BTC-USDT,88007.5,0,buy
1766134052642,BTC-USDT,88007.1,0,buy
1766134043642,BTC-USDT,88002.1,0,buy
1766134043642,BTC-USDT,88002.1,0,buy
1766134032642,BTC-USDT,87997.3,0,buy
1766134032642,BTC-USDT,87997.1,0,buy
1766134032642,BTC-USDT,87996.7,0,buy
1766134032642,BTC-USDT,87996.3,0,buy
1766134032642,BTC-USDT,87994.9,0,buy
1766134031642,BTC-USDT,87991.0,0,buy
1766134031642,BTC-USDT,87990.5,0,buy
1766134031642,BTC-USDT,87988.3,0,buy
1766134027642,BTC-USDT,87983.0,0,buy
1766134027642,BTC-USDT,87982.6,0,buy
1766134027642,BTC-USDT,87981.0,0,buy
1766134027642,BTC-USDT,87980.7,0,buy
1766134025642,BTC-USDT,87980.5,0,sell
1766134025642,BTC-USDT,87980.5,0,sell
1766134024642,BTC-USDT,87981.1,0,sell
1766134024642,BTC-USDT,87981.1,0,sell
1766134023642,BTC-USDT,87981.7,0,sell
1766134020642,BTC-USDT,87984.5,0,sell
1766134020642,BTC-USDT,87984.5,0,sell
1766134019974,BTC-USDT,87989.1,0,sell
1766134019974,BTC-USDT,87989.5,0,sell
1766134019974,BTC-USDT,87989.9,0,sell
1766134019974,BTC-USDT,87990.3,0,sell
1766134019974,BTC-USDT,87990.7,0,sell
1766134019642,BTC-USDT,87991.9,0,sell
1766134019642,BTC-USDT,87992.3,0,sell
1766134019642,BTC-USDT,87992.7,0,sell
1766134019642,BTC-USDT,87993.1,0,sell
1766134019642,BTC-USDT,87993.5,0,sell
1766134019642,BTC-USDT,87993.5,0,sell
1766134018974,BTC-USDT,87994.3,0,sell
1766134016974,BTC-USDT,87994.7,0,sell
1766134012642,BTC-USDT,88001.1,0,buy
1766134012642,BTC-USDT,88000.0,0,buy
1766134012642,BTC-USDT,87998.9,0,buy
1766134012642,BTC-USDT,87998.9,0,buy
1766134009180,BTC-USDT,88004.0,0,buy
1766134009180,BTC-USDT,88003.9,0,buy
1766134009180,BTC-USDT,88001.1,0,buy
1766134009180,BTC-USDT,88001.1,0,buy
1766134009180,BTC-USDT,88001.1,0,buy
1766134009180,BTC-USDT,88001.1,0,buy
1766134009180,BTC-USDT,88001.1,0,buy
1766134009180,BTC-USDT,88001.0,0,buy
1766134009180,BTC-USDT,88000.5,0,buy
1766134009180,BTC-USDT,87999.0,0,buy
1766134009180,BTC-USDT,87999.0,0,buy
1766134009180,BTC-USDT,87998.0,0,buy
1766134009180,BTC-USDT,87997.0,0,buy
1766134006642,BTC-USDT,87996.5,0,buy
1766134003699,BTC-USDT,88006.9,0,sell
1766133998802,BTC-USDT,88007.0,0,buy
1766133995791,BTC-USDT,88008.1,0,sell
1766133995642,BTC-USDT,88008.1,0,sell
1766133995642,BTC-USDT,88008.1,0,sell
1766133995642,BTC-USDT,88008.1,0,sell
1766133995642,BTC-USDT,88008.1,0,sell
1766133994974,BTC-USDT,88010.9,0,sell
1766133992642,BTC-USDT,88010.1,0,buy
1766133991642,BTC-USDT,88009.1,0,buy
1766133990642,BTC-USDT,88007.1,0,buy
1766133990642,BTC-USDT,88007.1,0,buy
1766133989974,BTC-USDT,88005.1,0,buy
1766133989642,BTC-USDT,88001.5,0,buy
1766133989642,BTC-USDT,88001.1,0,buy
1766133989642,BTC-USDT,88000.9,0,buy
1766133989642,BTC-USDT,88000.5,0,buy
1766133989642,BTC-USDT,88000.1,0,buy
1766133989642,BTC-USDT,88000.1,0,buy
1766133989642,BTC-USDT,88000.1,0,buy
1766133989642,BTC-USDT,88000.1,0,buy
1766133988974,BTC-USDT,87999.5,0,buy
1766133988642,BTC-USDT,87995.5,0,buy
1766133988642,BTC-USDT,87995.1,0,buy
1766133988642,BTC-USDT,87994.9,0,buy
1766133988642,BTC-USDT,87994.5,0,buy
1766133988642,BTC-USDT,87994.1,0,buy
1766133987642,BTC-USDT,87993.1,0,buy
1766133987642,BTC-USDT,87992.9,0,buy
1766133987642,BTC-USDT,87992.5,0,buy
1766133987642,BTC-USDT,87992.1,0,buy
1766133987642,BTC-USDT,87992.1,0,buy
1766133984642,BTC-USDT,87991.1,0,buy
1766133980974,BTC-USDT,87990.0,0,buy
1766133980508,BTC-USDT,87990.7,0,buy
1766133979642,BTC-USDT,87987.1,0,buy
1766133979642,BTC-USDT,87985.0,0,buy
1766133979642,BTC-USDT,87984.0,0,buy
1766133979642,BTC-USDT,87984.0,0,buy
1766133979642,BTC-USDT,87984.0,0,buy
1766133976642,BTC-USDT,87977.0,0,buy
1766133975974,BTC-USDT,87974.8,0,buy
1766133974974,BTC-USDT,87994.9,0,sell
1766133974974,BTC-USDT,87994.9,0,sell
1766133974974,BTC-USDT,87994.9,0,sell
1766133974974,BTC-USDT,87994.9,0,sell
1766133974974,BTC-USDT,87996.0,0,sell
1766133974974,BTC-USDT,87996.3,0,sell
1766133974642,BTC-USDT,87996.1,0,buy
1766133974642,BTC-USDT,87995.9,0,buy
1766133974642,BTC-USDT,87995.5,0,buy
1766133974642,BTC-USDT,87995.1,0,buy
1766133974642,BTC-USDT,87989.0,0,buy
1766133973974,BTC-USDT,87989.0,0,buy
1766133973974,BTC-USDT,87989.0,0,buy
1766133973974,BTC-USDT,87989.0,0,buy
1766133973974,BTC-USDT,87989.0,0,buy
1766133973974,BTC-USDT,87988.9,0,buy
1766133973642,BTC-USDT,87982.5,0,buy
1766133973642,BTC-USDT,87982.1,0,buy
1766133973642,BTC-USDT,87981.9,0,buy
1766133973642,BTC-USDT,87981.5,0,buy
1766133973642,BTC-USDT,87981.1,0,buy
1766133972642,BTC-USDT,87979.9,0,buy
1766133972642,BTC-USDT,87979.5,0,buy
1766133972642,BTC-USDT,87979.1,0,buy
1766133966642,BTC-USDT,87975.1,0,buy
1766133966642,BTC-USDT,87975.1,0,buy
1766133965974,BTC-USDT,87973.3,0,buy
1766133965642,BTC-USDT,87968.5,0,buy
1766133965642,BTC-USDT,87968.1,0,buy
1766133965642,BTC-USDT,87967.9,0,buy
1766133965642,BTC-USDT,87967.5,0,buy
1766133965642,BTC-USDT,87967.1,0,buy
1766133964642,BTC-USDT,87966.1,0,buy
1766133963974,BTC-USDT,87965.3,0,buy
1766133963642,BTC-USDT,87965.0,0,buy
1766133963642,BTC-USDT,87964.7,0,buy
1766133963642,BTC-USDT,87964.3,0,buy
1766133963642,BTC-USDT,87963.9,0,buy
1766133963642,BTC-USDT,87963.5,0,buy
1766133962974,BTC-USDT,87962.0,0,buy
1766133962642,BTC-USDT,87953.0,0,buy
1766133962642,BTC-USDT,87952.0,0,buy
1766133962642,BTC-USDT,87952.0,0,buy
1766133962642,BTC-USDT,87951.6,0,buy
1766133962642,BTC-USDT,87950.8,0,buy
1766133962642,BTC-USDT,87949.9,0,buy
1766133961974,BTC-USDT,87945.1,0,buy
1766133959642,BTC-USDT,87947.5,0,sell
1766133959642,BTC-USDT,87947.9,0,sell
1766133959642,BTC-USDT,87948.3,0,sell
1766133959642,BTC-USDT,87948.7,0,sell
1766133959642,BTC-USDT,87949.1,0,sell
1766133956974,BTC-USDT,87949.7,0,sell
1766133952642,BTC-USDT,87949.9,0,sell
1766133952642,BTC-USDT,87950.1,0,sell
1766133952355,BTC-USDT,87950.8,0,buy
1766133949259,BTC-USDT,87950.8,0,buy
1766133942642,BTC-USDT,87963.3,0,sell
1766133942642,BTC-USDT,87963.6,0,sell
1766133942642,BTC-USDT,87964.4,0,sell
1766133942642,BTC-USDT,87965.2,0,sell
1766133942642,BTC-USDT,87966.8,0,sell
1766133937999,BTC-USDT,87966.9,0,sell
1766133937723,BTC-USDT,87966.9,0,sell
1766133937642,BTC-USDT,87966.9,0,buy
1766133937642,BTC-USDT,87966.5,0,buy
1766133937642,BTC-USDT,87966.1,0,buy
1766133937642,BTC-USDT,87965.9,0,buy
1766133937642,BTC-USDT,87965.5,0,buy
1766133937603,BTC-USDT,87964.4,0,sell
1766133936642,BTC-USDT,87964.1,0,buy
1766133936642,BTC-USDT,87963.9,0,buy
1766133936642,BTC-USDT,87963.5,0,buy
1766133936642,BTC-USDT,87963.1,0,buy
1766133935642,BTC-USDT,87958.4,0,buy
1766133935642,BTC-USDT,87958.1,0,buy
1766133935642,BTC-USDT,87957.9,0,buy
1766133935642,BTC-USDT,87957.5,0,buy
1766133935642,BTC-USDT,87957.1,0,buy
1766133935642,BTC-USDT,87957.1,0,buy
1766133935460,BTC-USDT,87956.9,0,sell
1766133933642,BTC-USDT,87956.1,0,buy
1766133933642,BTC-USDT,87956.1,0,buy
1766133932592,BTC-USDT,87956.0,0,buy
1766133931157,BTC-USDT,87989.0,0,buy
1766133931157,BTC-USDT,87982.4,0,buy
1766133931157,BTC-USDT,87973.6,0,buy
1766133931157,BTC-USDT,87964.8,0,buy
1766133931157,BTC-USDT,87957.5,0,buy
1766133931157,BTC-USDT,87957.3,0,buy
1766133931157,BTC-USDT,87957.1,0,buy
1766133931157,BTC-USDT,87956.9,0,buy
1766133931157,BTC-USDT,87956.7,0,buy
1766133931157,BTC-USDT,87956.5,0,buy
1766133931157,BTC-USDT,87956.4,0,buy
1766133931157,BTC-USDT,87956.2,0,buy
1766133931157,BTC-USDT,87956.1,0,buy
1766133931157,BTC-USDT,87956.0,0,buy
1766133925642,BTC-USDT,87955.5,0,buy
1766133925642,BTC-USDT,87955.1,0,buy
1766133925642,BTC-USDT,87954.9,0,buy
1766133925642,BTC-USDT,87954.5,0,buy
1766133925642,BTC-USDT,87954.1,0,buy
1766133923642,BTC-USDT,87953.1,0,buy
1766133919642,BTC-USDT,87950.6,0,buy
1766133919642,BTC-USDT,87950.3,0,buy
1766133919642,BTC-USDT,87949.9,0,buy
1766133919642,BTC-USDT,87949.5,0,buy
1766133914217,BTC-USDT,87949.9,0,buy
1766133914217,BTC-USDT,87949.5,0,buy
1766133914217,BTC-USDT,87949.1,0,buy
1766133911642,BTC-USDT,87944.1,0,buy
1766133911642,BTC-USDT,87943.9,0,buy
1766133911642,BTC-USDT,87943.5,0,buy
1766133911642,BTC-USDT,87943.1,0,buy
1766133910974,BTC-USDT,87939.5,0,buy
1766133907642,BTC-USDT,87932.9,0,buy
1766133907642,BTC-USDT,87932.5,0,buy
1766133907642,BTC-USDT,87932.1,0,buy
1766133907642,BTC-USDT,87931.9,0,buy
1766133907642,BTC-USDT,87931.7,0,buy
1766133904642,BTC-USDT,87930.8,0,buy
1766133901909,BTC-USDT,87930.8,0,buy
1766133901909,BTC-USDT,87930.1,0,buy
1766133900642,BTC-USDT,87931.4,0,sell
1766133891847,BTC-USDT,87989.0,0,buy
1766133891847,BTC-USDT,87975.7,0,buy
1766133891847,BTC-USDT,87966.9,0,buy
1766133891847,BTC-USDT,87965.7,0,buy
1766133891847,BTC-USDT,87958.1,0,buy
1766133891847,BTC-USDT,87949.3,0,buy
1766133891847,BTC-USDT,87940.5,0,buy
1766133891847,BTC-USDT,87933.0,0,buy
1766133891847,BTC-USDT,87933.0,0,buy
1766133891847,BTC-USDT,87933.0,0,buy
1766133891847,BTC-USDT,87932.9,0,buy
1766133891847,BTC-USDT,87932.7,0,buy
1766133891847,BTC-USDT,87932.5,0,buy
1766133891847,BTC-USDT,87932.3,0,buy
1766133891847,BTC-USDT,87932.1,0,buy
1766133891847,BTC-USDT,87932.0,0,buy
1766133891847,BTC-USDT,87932.0,0,buy
1766133891847,BTC-USDT,87932.0,0,buy
1766133891847,BTC-USDT,87931.9,0,buy
1766133891847,BTC-USDT,87931.8,0,buy
1766133891847,BTC-USDT,87931.8,0,buy
1766133891847,BTC-USDT,87931.8,0,buy
1766133891847,BTC-USDT,87931.8,0,buy
1766133891847,BTC-USDT,87931.8,0,buy
1766133891845,BTC-USDT,87931.8,0,buy
1766133891845,BTC-USDT,87931.8,0,buy
1766133891845,BTC-USDT,87931.8,0,buy
1766133891845,BTC-USDT,87931.7,0,buy
1766133891845,BTC-USDT,87931.7,0,buy
1766133891845,BTC-USDT,87931.7,0,buy
1766133891845,BTC-USDT,87931.7,0,buy
1766133891845,BTC-USDT,87931.7,0,buy
1766133891845,BTC-USDT,87931.7,0,buy
1766133891845,BTC-USDT,87931.7,0,buy
1766133877642,BTC-USDT,87917.3,0,buy
1766133877642,BTC-USDT,87916.9,0,buy
1766133877642,BTC-USDT,87916.6,0,buy
1766133877642,BTC-USDT,87916.3,0,buy
1766133877642,BTC-USDT,87915.1,0,buy
1766133877642,BTC-USDT,87915.1,0,buy
1766133876706,BTC-USDT,87908.1,0,buy
1766133876706,BTC-USDT,87908.0,0,buy
1766133875642,BTC-USDT,87907.0,0,buy
1766133875642,BTC-USDT,87906.0,0,buy
1766133875642,BTC-USDT,87905.1,0,buy
1766133875642,BTC-USDT,87904.0,0,buy
1766133875642,BTC-USDT,87902.5,0,buy
1766133873642,BTC-USDT,87903.3,0,sell
1766133824642,BTC-USDT,87900.2,0,buy
1766133816642,BTC-USDT,87901.5,0,sell
1766133816642,BTC-USDT,87901.9,0,sell
1766133816642,BTC-USDT,87902.3,0,sell
1766133816642,BTC-USDT,87902.7,0,sell
1766133816642,BTC-USDT,87903.1,0,sell
1766133815974,BTC-USDT,87903.9,0,sell
1766133815974,BTC-USDT,87904.1,0,sell
1766133815974,BTC-USDT,87904.5,0,sell
1766133815974,BTC-USDT,87904.9,0,sell
1766133815974,BTC-USDT,87905.3,0,sell
1766133815642,BTC-USDT,87906.1,0,sell
1766133815642,BTC-USDT,87906.5,0,sell
1766133815642,BTC-USDT,87906.9,0,sell
1766133815642,BTC-USDT,87907.1,0,sell
1766133815642,BTC-USDT,87907.5,0,sell
1766133812642,BTC-USDT,87908.2,0,sell
1766133812642,BTC-USDT,87908.5,0,sell
1766133812642,BTC-USDT,87908.8,0,sell
1766133812642,BTC-USDT,87909.0,0,sell
1766133812642,BTC-USDT,87909.2,0,sell
1766133809642,BTC-USDT,87911.7,0,sell
1766133809642,BTC-USDT,87912.1,0,sell
1766133809642,BTC-USDT,87912.5,0,sell
1766133809642,BTC-USDT,87912.7,0,sell
1766133809642,BTC-USDT,87913.1,0,sell
1766133807580,BTC-USDT,87919.0,0,buy
1766133807580,BTC-USDT,87918.9,0,buy
1766133807580,BTC-USDT,87918.8,0,buy
1766133800683,BTC-USDT,87918.7,0,sell
1766133800518,BTC-USDT,87918.7,0,sell
1766133800377,BTC-USDT,87918.7,0,sell
1766133798199,BTC-USDT,87918.7,0,sell
1766133795642,BTC-USDT,87921.3,0,sell
1766133795642,BTC-USDT,87921.7,0,sell
1766133795642,BTC-USDT,87922.1,0,sell
1766133795642,BTC-USDT,87922.5,0,sell
1766133795642,BTC-USDT,87922.9,0,sell
1766133793642,BTC-USDT,87932.5,0,sell
1766133793642,BTC-USDT,87932.9,0,sell
1766133793642,BTC-USDT,87933.2,0,sell
1766133793642,BTC-USDT,87933.3,0,sell
1766133793642,BTC-USDT,87933.4,0,sell
1766133793642,BTC-USDT,87934.9,0,sell
1766133782974,BTC-USDT,87933.6,0,buy
1766133781098,BTC-USDT,87858.8,0,sell
1766133781098,BTC-USDT,87932.0,0,sell
1766133781098,BTC-USDT,87932.3,0,sell
1766133781098,BTC-USDT,87932.6,0,sell
1766133781098,BTC-USDT,87932.7,0,sell
1766133781098,BTC-USDT,87932.9,0,sell
1766133781098,BTC-USDT,87933.1,0,sell
1766133781098,BTC-USDT,87933.3,0,sell
1766133781098,BTC-USDT,87933.4,0,sell
1766133781098,BTC-USDT,87933.5,0,sell
1766133777642,BTC-USDT,87933.7,0,sell
1766133776642,BTC-USDT,87933.7,0,sell
1766133775642,BTC-USDT,87941.1,0,sell
1766133775642,BTC-USDT,87941.8,0,sell
1766133775642,BTC-USDT,87942.3,0,sell
1766133775642,BTC-USDT,87944.8,0,sell
1766133775642,BTC-USDT,87946.0,0,sell
1766133775642,BTC-USDT,87950.6,0,sell
1766133773642,BTC-USDT,87942.1,0,buy
1766133772566,BTC-USDT,87858.8,0,sell
1766133772566,BTC-USDT,87932.2,0,sell
1766133772566,BTC-USDT,87932.3,0,sell
1766133772566,BTC-USDT,87933.0,0,sell
1766133772566,BTC-USDT,87933.5,0,sell
1766133772566,BTC-USDT,87935.9,0,sell
1766133772566,BTC-USDT,87936.3,0,sell
1766133772566,BTC-USDT,87936.9,0,sell
1766133772566,BTC-USDT,87937.0,0,sell
1766133772566,BTC-USDT,87937.1,0,sell
1766133772566,BTC-USDT,87937.9,0,sell
1766133763812,BTC-USDT,87858.8,0,sell
1766133763812,BTC-USDT,87860.0,0,sell
1766133763812,BTC-USDT,87860.2,0,sell
1766133763812,BTC-USDT,87860.3,0,sell
1766133763812,BTC-USDT,87860.4,0,sell
1766133763812,BTC-USDT,87860.6,0,sell
1766133763812,BTC-USDT,87861.3,0,sell
1766133763812,BTC-USDT,87861.8,0,sell
1766133763812,BTC-USDT,87862.3,0,sell
1766133763812,BTC-USDT,87862.7,0,sell
1766133763812,BTC-USDT,87862.9,0,sell
1766133763812,BTC-USDT,87863.5,0,sell
1766133763812,BTC-USDT,87863.6,0,sell
1766133763812,BTC-USDT,87864.0,0,sell
1766133763812,BTC-USDT,87864.1,0,sell
1766133763812,BTC-USDT,87864.8,0,sell
1766133763812,BTC-USDT,87864.9,0,sell
1766133763812,BTC-USDT,87865.1,0,sell
1766133763812,BTC-USDT,87865.8,0,sell
1766133763812,BTC-USDT,87866.6,0,sell
1766133763812,BTC-USDT,87866.7,0,sell
1766133763812,BTC-USDT,87867.4,0,sell
1766133763812,BTC-USDT,87868.8,0,sell
1766133763812,BTC-USDT,87868.9,0,sell
1766133763812,BTC-USDT,87869.1,0,sell
1766133763812,BTC-USDT,87869.4,0,sell
1766133763812,BTC-USDT,87870.4,0,sell
1766133763812,BTC-USDT,87871.3,0,sell
1766133763812,BTC-USDT,87926.9,0,sell
1766133763812,BTC-USDT,87927.2,0,sell
1766133763812,BTC-USDT,87927.8,0,sell
1766133763812,BTC-USDT,87928.9,0,sell
1766133763812,BTC-USDT,87930.0,0,sell
1766133763812,BTC-USDT,87931.3,0,sell
1766133763812,BTC-USDT,87931.4,0,sell
1766133763812,BTC-USDT,87931.5,0,sell
1766133763812,BTC-USDT,87931.7,0,sell
1766133763812,BTC-USDT,87933.7,0,sell
1766133759642,BTC-USDT,87936.9,0,sell
1766133758974,BTC-USDT,87942.1,0,sell
1766133758642,BTC-USDT,87940.5,0,buy
1766133758642,BTC-USDT,87940.2,0,buy
1766133758642,BTC-USDT,87939.7,0,buy
1766133758642,BTC-USDT,87939.4,0,buy
1766133758642,BTC-USDT,87939.1,0,buy
1766133754642,BTC-USDT,87939.0,0,sell
1766133753642,BTC-USDT,87935.1,0,buy
1766133753642,BTC-USDT,87930.5,0,buy
1766133753642,BTC-USDT,87930.5,0,buy
1766133753642,BTC-USDT,87930.5,0,buy
1766133753642,BTC-USDT,87928.8,0,buy
1766133753642,BTC-USDT,87928.0,0,buy
1766133753642,BTC-USDT,87927.0,0,buy
1766133751974,BTC-USDT,87920.4,0,buy
1766133750142,BTC-USDT,87920.2,0,buy
1766133749974,BTC-USDT,87919.0,0,buy
1766133749142,BTC-USDT,87928.5,0,sell
1766133747652,BTC-USDT,87935.9,0,sell
1766133747652,BTC-USDT,87936.3,0,sell
1766133747652,BTC-USDT,87936.7,0,sell
1766133747652,BTC-USDT,87937.1,0,sell
1766133747652,BTC-USDT,87937.5,0,sell
1766133745642,BTC-USDT,87944.4,0,sell
1766133745642,BTC-USDT,87944.7,0,sell
1766133745642,BTC-USDT,87945.1,0,sell
1766133745642,BTC-USDT,87945.5,0,sell
1766133745642,BTC-USDT,87945.8,0,sell
1766133745642,BTC-USDT,87946.1,0,sell
1766133743642,BTC-USDT,87959.9,0,sell
1766133743642,BTC-USDT,87960.3,0,sell
1766133743642,BTC-USDT,87960.7,0,sell
1766133743642,BTC-USDT,87961.1,0,sell
1766133743642,BTC-USDT,87961.5,0,sell
1766133742642,BTC-USDT,87962.6,0,sell
1766133742642,BTC-USDT,87962.6,0,sell
1766133741974,BTC-USDT,87965.7,0,sell
1766133741642,BTC-USDT,87967.2,0,sell
1766133741642,BTC-USDT,87970.8,0,sell
1766133735642,BTC-USDT,87970.0,0,buy
1766133735642,BTC-USDT,87968.0,0,buy
1766133735642,BTC-USDT,87967.0,0,buy
1766133735642,BTC-USDT,87965.5,0,buy
1766133728642,BTC-USDT,87968.1,0,sell
1766133728642,BTC-USDT,87974.7,0,sell
1766133728642,BTC-USDT,87974.7,0,sell
1766133722039,BTC-USDT,87978.0,0,buy
1766133721642,BTC-USDT,87977.1,0,buy
1766133720974,BTC-USDT,87975.3,0,buy
1766133720974,BTC-USDT,87975.0,0,buy
1766133720642,BTC-USDT,87972.7,0,buy
1766133720642,BTC-USDT,87972.4,0,buy
1766133720642,BTC-USDT,87972.0,0,buy
1766133720642,BTC-USDT,87971.5,0,buy
1766133720642,BTC-USDT,87971.1,0,buy
1766133720642,BTC-USDT,87971.1,0,buy
1766133719642,BTC-USDT,87970.1,0,buy
1766133714974,BTC-USDT,87969.3,0,buy
1766133714642,BTC-USDT,87968.0,0,buy
1766133714642,BTC-USDT,87968.0,0,buy
1766133714642,BTC-USDT,87967.7,0,buy
1766133714642,BTC-USDT,87967.5,0,buy
1766133714642,BTC-USDT,87967.1,0,buy
1766133714642,BTC-USDT,87966.7,0,buy
1766133713642,BTC-USDT,87960.0,0,buy
1766133713642,BTC-USDT,87959.0,0,buy
1766133713642,BTC-USDT,87957.8,0,buy
1766133713642,BTC-USDT,87957.0,0,buy
1766133713642,BTC-USDT,87957.0,0,buy
1766133713642,BTC-USDT,87956.0,0,buy
1766133712974,BTC-USDT,87950.8,0,buy
1766133711642,BTC-USDT,88030.8,0,sell
1766133710642,BTC-USDT,87963.0,0,sell
1766133710642,BTC-USDT,87965.0,0,sell
1766133710642,BTC-USDT,87965.0,0,sell
1766133710642,BTC-USDT,87967.0,0,sell
1766133710642,BTC-USDT,87967.0,0,sell
1766133710642,BTC-USDT,87967.0,0,sell
1766133710642,BTC-USDT,87967.3,0,sell
1766133705642,BTC-USDT,87971.1,0,sell
1766133705642,BTC-USDT,87971.1,0,sell
1766133705642,BTC-USDT,87972.0,0,sell
1766133704642,BTC-USDT,87960.9,0,buy
1766133704642,BTC-USDT,87959.7,0,buy
1766133704642,BTC-USDT,87958.6,0,buy
1766133704642,BTC-USDT,87958.6,0,buy
1766133704642,BTC-USDT,87958.6,0,buy
1766133704642,BTC-USDT,87958.6,0,buy
1766133704642,BTC-USDT,87957.4,0,buy
1766133704642,BTC-USDT,87956.2,0,buy
1766133697642,BTC-USDT,87950.8,0,buy
1766133697642,BTC-USDT,87950.8,0,buy
1766133697642,BTC-USDT,87950.1,0,buy
1766133694027,BTC-USDT,87950.1,0,buy
1766133693624,BTC-USDT,87950.1,0,buy
1766133693224,BTC-USDT,87950.1,0,buy
1766133692825,BTC-USDT,87950.1,0,buy
1766133692425,BTC-USDT,87951.0,0,buy
1766133692024,BTC-USDT,87951.0,0,buy
1766133691642,BTC-USDT,87950.1,0,sell
1766133691624,BTC-USDT,87950.9,0,buy
1766133691224,BTC-USDT,87950.9,0,buy
1766133690823,BTC-USDT,87950.8,0,buy
1766133690642,BTC-USDT,87950.1,0,sell
1766133690424,BTC-USDT,87950.4,0,buy
1766133690059,BTC-USDT,87871.3,0,sell
1766133690059,BTC-USDT,87872.5,0,sell
1766133690059,BTC-USDT,87872.7,0,sell
1766133690059,BTC-USDT,87873.3,0,sell
1766133690059,BTC-USDT,87873.7,0,sell
1766133690059,BTC-USDT,87874.4,0,sell
1766133690059,BTC-USDT,87874.9,0,sell
1766133690059,BTC-USDT,87875.0,0,sell
1766133690059,BTC-USDT,87875.4,0,sell
1766133690059,BTC-USDT,87876.0,0,sell
1766133690059,BTC-USDT,87876.7,0,sell
1766133690059,BTC-USDT,87877.2,0,sell
1766133690059,BTC-USDT,87877.7,0,sell
1766133690059,BTC-USDT,87877.8,0,sell
1766133690059,BTC-USDT,87878.6,0,sell
1766133690059,BTC-USDT,87879.8,0,sell
1766133690059,BTC-USDT,87880.0,0,sell
1766133690059,BTC-USDT,87880.4,0,sell
1766133690059,BTC-USDT,87881.2,0,sell
1766133690059,BTC-USDT,87881.4,0,sell
1766133690059,BTC-USDT,87882.0,0,sell
1766133690059,BTC-USDT,87882.3,0,sell
1766133690059,BTC-USDT,87882.7,0,sell
1766133690059,BTC-USDT,87884.0,0,sell
1766133690059,BTC-USDT,87884.1,0,sell
1766133690059,BTC-USDT,87884.6,0,sell
1766133690059,BTC-USDT,87884.7,0,sell
1766133690059,BTC-USDT,87886.1,0,sell
1766133690059,BTC-USDT,87887.5,0,sell
1766133690059,BTC-USDT,87888.7,0,sell
1766133690059,BTC-USDT,87888.8,0,sell
1766133690059,BTC-USDT,87889.5,0,sell
1766133690059,BTC-USDT,87890.3,0,sell
1766133690059,BTC-USDT,87890.6,0,sell
1766133690059,BTC-USDT,87890.9,0,sell
1766133690059,BTC-USDT,87891.8,0,sell
1766133690059,BTC-USDT,87891.9,0,sell
1766133690059,BTC-USDT,87892.0,0,sell
1766133690059,BTC-USDT,87892.4,0,sell
1766133690059,BTC-USDT,87894.3,0,sell
1766133690059,BTC-USDT,87894.7,0,sell
1766133690059,BTC-USDT,87894.9,0,sell
1766133690059,BTC-USDT,87895.2,0,sell
1766133690059,BTC-USDT,87896.8,0,sell
1766133690059,BTC-USDT,87897.4,0,sell
