timestamp,symbol,price,size,side
1766219350394,ETH-USDT,2989.32,0,buy
1766219350236,ETH-USDT,2989.31,0,sell
1766219350127,ETH-USDT,2989.32,0,buy
1766219349854,ETH-USDT,2989.32,0,buy
1766219349810,ETH-USDT,2989.32,0,buy
1766219349775,ETH-USDT,2989.31,0,sell
1766219349684,ETH-USDT,2989.32,0,buy
1766219349562,ETH-USDT,2989.3,0,sell
1766219349378,ETH-USDT,2989.32,0,buy
1766219349281,ETH-USDT,2989.3,0,sell
1766219349221,ETH-USDT,2989.3,0,sell
1766219349134,ETH-USDT,2989.17,0,sell
1766219348960,ETH-USDT,2989.32,0,buy
1766219348870,ETH-USDT,2989.32,0,buy
1766219348803,ETH-USDT,2989.17,0,sell
1766219348594,ETH-USDT,2989.19,0,sell
1766219348542,ETH-USDT,2989.2,0,buy
1766219348540,ETH-USDT,2989.2,0,buy
1766219348459,ETH-USDT,2989.19,0,sell
1766219348333,ETH-USDT,2989.2,0,buy
1766219348123,ETH-USDT,2989.19,0,sell
1766219348043,ETH-USDT,2989.2,0,buy
1766219347961,ETH-USDT,2989.2,0,buy
1766219347826,ETH-USDT,2989.2,0,buy
1766219347754,ETH-USDT,2989.19,0,sell
1766219347688,ETH-USDT,2989.2,0,buy
1766219347546,ETH-USDT,2989.19,0,sell
1766219347409,ETH-USDT,2989.19,0,sell
1766219347335,ETH-USDT,2989.2,0,buy
1766219347272,ETH-USDT,2989.19,0,sell
1766219347267,ETH-USDT,2989.19,0,sell
1766219347070,ETH-USDT,2989.19,0,sell
1766219346972,ETH-USDT,2989.2,0,buy
1766219346923,ETH-USDT,2989.19,0,sell
1766219346654,ETH-USDT,2989.2,0,buy
1766219346628,ETH-USDT,2989.2,0,buy
1766219346559,ETH-USDT,2989.19,0,sell
1766219346349,ETH-USDT,2989.19,0,sell
1766219346296,ETH-USDT,2989.19,0,sell
1766219346241,ETH-USDT,2989.2,0,buy
1766219346202,ETH-USDT,2989.2,0,buy
1766219346141,ETH-USDT,2989.2,0,buy
1766219346124,ETH-USDT,2989.2,0,buy
1766219346089,ETH-USDT,2989.19,0,sell
1766219346033,ETH-USDT,2989.19,0,sell
1766219345985,ETH-USDT,2989.19,0,sell
1766219345782,ETH-USDT,2989.2,0,buy
1766219345669,ETH-USDT,2989.2,0,buy
1766219345569,ETH-USDT,2989.2,0,buy
1766219345371,ETH-USDT,2989.19,0,sell
1766219345353,ETH-USDT,2989.2,0,buy
1766219345252,ETH-USDT,2989.19,0,sell
1766219345152,ETH-USDT,2989.19,0,sell
1766219345140,ETH-USDT,2989.2,0,buy
1766219344951,ETH-USDT,2989.2,0,buy
1766219344827,ETH-USDT,2989.19,0,sell
1766219344743,ETH-USDT,2989.19,0,sell
1766219344348,ETH-USDT,2989.2,0,buy
1766219344323,ETH-USDT,2989.19,0,sell
1766219344197,ETH-USDT,2989.19,0,sell
1766219344112,ETH-USDT,2989.19,0,sell
1766219343985,ETH-USDT,2989.19,0,sell
1766219343773,ETH-USDT,2989.2,0,buy
1766219343705,ETH-USDT,2989.2,0,buy
1766219343680,ETH-USDT,2989.2,0,buy
1766219343452,ETH-USDT,2989.1,0,sell
1766219343287,ETH-USDT,2989.2,0,buy
1766219343236,ETH-USDT,2989.2,0,buy
1766219343138,ETH-USDT,2989.1,0,sell
1766219343084,ETH-USDT,2989.14,0,buy
1766219343046,ETH-USDT,2989.14,0,buy
1766219342924,ETH-USDT,2989.14,0,buy
1766219342808,ETH-USDT,2989.14,0,buy
1766219342631,ETH-USDT,2989.12,0,sell
1766219342365,ETH-USDT,2989.13,0,buy
1766219342283,ETH-USDT,2989.12,0,sell
1766219342228,ETH-USDT,2989.12,0,sell
1766219342189,ETH-USDT,2989.12,0,sell
1766219342127,ETH-USDT,2989.13,0,buy
1766219341921,ETH-USDT,2989.13,0,buy
1766219341817,ETH-USDT,2989.13,0,buy
1766219341756,ETH-USDT,2989.12,0,sell
1766219341237,ETH-USDT,2989.12,0,sell
1766219341197,ETH-USDT,2989.12,0,sell
1766219340928,ETH-USDT,2989.13,0,buy
1766219340795,ETH-USDT,2989.13,0,buy
1766219340752,ETH-USDT,2989.12,0,sell
1766219340379,ETH-USDT,2989.13,0,buy
1766219340339,ETH-USDT,2989.12,0,sell
1766219340020,ETH-USDT,2989.12,0,sell
1766219339967,ETH-USDT,2989.12,0,sell
1766219339833,ETH-USDT,2989.13,0,buy
1766219339759,ETH-USDT,2989.13,0,buy
1766219339661,ETH-USDT,2989.12,0,sell
1766219339416,ETH-USDT,2989.13,0,buy
1766219339343,ETH-USDT,2989.13,0,buy
1766219339242,ETH-USDT,2989.12,0,sell
1766219338975,ETH-USDT,2989.13,0,buy
1766219338830,ETH-USDT,2989.12,0,sell
1766219338806,ETH-USDT,2989.12,0,sell
1766219338716,ETH-USDT,2989.13,0,buy
1766219338414,ETH-USDT,2989.13,0,buy
1766219338391,ETH-USDT,2989.12,0,sell
1766219338360,ETH-USDT,2989.13,0,buy
1766219338095,ETH-USDT,2989.12,0,sell
1766219337941,ETH-USDT,2989.12,0,sell
1766219337775,ETH-USDT,2989.13,0,buy
1766219337771,ETH-USDT,2989.12,0,sell
1766219337573,ETH-USDT,2989.12,0,sell
1766219337467,ETH-USDT,2989.13,0,buy
1766219337438,ETH-USDT,2989.12,0,sell
1766219337354,ETH-USDT,2989.13,0,buy
1766219337169,ETH-USDT,2989.13,0,buy
1766219337146,ETH-USDT,2989.12,0,sell
1766219337029,ETH-USDT,2989.12,0,sell
1766219337026,ETH-USDT,2989.12,0,sell
1766219336947,ETH-USDT,2989.12,0,sell
1766219336925,ETH-USDT,2989.13,0,buy
1766219336610,ETH-USDT,2989.12,0,sell
1766219336603,ETH-USDT,2989.13,0,buy
1766219336333,ETH-USDT,2989.12,0,sell
1766219336185,ETH-USDT,2989.13,0,buy
1766219335980,ETH-USDT,2989.13,0,buy
1766219335925,ETH-USDT,2989.12,0,sell
1766219335766,ETH-USDT,2989.12,0,sell
1766219335565,ETH-USDT,2989.13,0,buy
1766219335357,ETH-USDT,2989.12,0,sell
1766219335337,ETH-USDT,2989.12,0,sell
1766219335210,ETH-USDT,2989.12,0,sell
1766219334803,ETH-USDT,2989.13,0,buy
1766219334733,ETH-USDT,2989.13,0,buy
1766219334432,ETH-USDT,2989.13,0,buy
1766219334185,ETH-USDT,2989.13,0,buy
1766219334178,ETH-USDT,2989.12,0,sell
1766219334015,ETH-USDT,2989.13,0,buy
1766219333808,ETH-USDT,2989.12,0,sell
1766219333770,ETH-USDT,2989.13,0,buy
1766219333764,ETH-USDT,2989.13,0,buy
1766219333560,ETH-USDT,2989.12,0,sell
1766219333552,ETH-USDT,2989.12,0,sell
1766219333389,ETH-USDT,2989.12,0,sell
1766219333281,ETH-USDT,2989.13,0,buy
1766219333144,ETH-USDT,2989.13,0,buy
1766219332970,ETH-USDT,2989.13,0,buy
1766219332945,ETH-USDT,2989.12,0,sell
1766219332839,ETH-USDT,2989.12,0,sell
1766219332517,ETH-USDT,2989.13,0,buy
1766219332423,ETH-USDT,2989.12,0,sell
1766219332351,ETH-USDT,2989.12,0,sell
1766219332137,ETH-USDT,2989.13,0,buy
1766219332098,ETH-USDT,2989.13,0,buy
1766219332005,ETH-USDT,2989.13,0,buy
1766219331677,ETH-USDT,2989.12,0,sell
1766219331583,ETH-USDT,2989.12,0,sell
1766219331555,ETH-USDT,2989.13,0,buy
1766219331351,ETH-USDT,2989.12,0,sell
1766219331325,ETH-USDT,2989.13,0,buy
1766219331309,ETH-USDT,2989.12,0,sell
1766219331248,ETH-USDT,2989.12,0,sell
1766219330965,ETH-USDT,2989.12,0,sell
1766219330888,ETH-USDT,2989.12,0,sell
1766219330827,ETH-USDT,2989.13,0,buy
1766219330678,ETH-USDT,2989.12,0,sell
1766219330562,ETH-USDT,2989.14,0,buy
1766219330400,ETH-USDT,2989.14,0,buy
1766219330256,ETH-USDT,2989.12,0,sell
1766219329982,ETH-USDT,2989.12,0,sell
1766219329915,ETH-USDT,2989.12,0,sell
1766219329819,ETH-USDT,2989.15,0,buy
1766219329819,ETH-USDT,2989.13,0,buy
1766219329462,ETH-USDT,2989.15,0,buy
1766219329408,ETH-USDT,2989.15,0,buy
1766219329387,ETH-USDT,2989.15,0,buy
1766219329349,ETH-USDT,2989.15,0,buy
1766219329349,ETH-USDT,2989.14,0,buy
1766219329236,ETH-USDT,2989.08,0,sell
1766219329139,ETH-USDT,2989.08,0,sell
1766219329139,ETH-USDT,2989.12,0,sell
1766219329029,ETH-USDT,2989.14,0,buy
1766219328981,ETH-USDT,2989.14,0,buy
1766219328981,ETH-USDT,2989.13,0,buy
1766219328929,ETH-USDT,2989.12,0,sell
1766219328766,ETH-USDT,2989.12,0,sell
1766219328703,ETH-USDT,2989.13,0,buy
1766219328601,ETH-USDT,2989.13,0,buy
1766219328571,ETH-USDT,2989.12,0,sell
1766219328372,ETH-USDT,2989.12,0,sell
1766219328339,ETH-USDT,2989.13,0,buy
1766219328179,ETH-USDT,2989.13,0,buy
1766219327966,ETH-USDT,2989.13,0,buy
1766219327919,ETH-USDT,2989.12,0,sell
1766219327855,ETH-USDT,2989.12,0,sell
1766219327554,ETH-USDT,2989.14,0,buy
1766219327554,ETH-USDT,2989.13,0,buy
1766219327487,ETH-USDT,2989.13,0,buy
1766219327428,ETH-USDT,2989.13,0,buy
1766219327351,ETH-USDT,2989.13,0,buy
1766219327342,ETH-USDT,2989.13,0,buy
1766219327217,ETH-USDT,2989.13,0,buy
1766219327120,ETH-USDT,2989.12,0,sell
1766219327065,ETH-USDT,2989.12,0,sell
1766219326945,ETH-USDT,2989.13,0,buy
1766219326787,ETH-USDT,2989.13,0,buy
1766219326641,ETH-USDT,2989.13,0,buy
1766219326625,ETH-USDT,2989.13,0,buy
1766219326575,ETH-USDT,2989.13,0,buy
1766219326534,ETH-USDT,2989.12,0,sell
1766219326366,ETH-USDT,2989.13,0,buy
1766219326140,ETH-USDT,2989.12,0,sell
1766219326127,ETH-USDT,2989.12,0,sell
1766219326018,ETH-USDT,2989.13,0,buy
1766219325951,ETH-USDT,2989.12,0,sell
1766219325917,ETH-USDT,2989.12,0,sell
1766219325830,ETH-USDT,2989.12,0,sell
1766219325718,ETH-USDT,2989.12,0,sell
1766219325540,ETH-USDT,2989.12,0,sell
1766219325397,ETH-USDT,2989.12,0,sell
1766219325331,ETH-USDT,2989.13,0,buy
1766219325290,ETH-USDT,2989.12,0,sell
1766219325217,ETH-USDT,2989.13,0,buy
1766219325173,ETH-USDT,2989.13,0,buy
1766219324970,ETH-USDT,2989.12,0,sell
1766219324912,ETH-USDT,2989.12,0,sell
1766219324856,ETH-USDT,2989.13,0,buy
1766219324809,ETH-USDT,2989.13,0,buy
1766219324760,ETH-USDT,2989.13,0,buy
1766219324603,ETH-USDT,2989.12,0,sell
1766219324433,ETH-USDT,2989.13,0,buy
1766219324386,ETH-USDT,2989.12,0,sell
1766219324226,ETH-USDT,2989.12,0,sell
1766219324140,ETH-USDT,2989.12,0,sell
1766219324017,ETH-USDT,2989.12,0,sell
1766219323808,ETH-USDT,2989.12,0,sell
1766219323760,ETH-USDT,2989.12,0,sell
1766219323397,ETH-USDT,2989.13,0,buy
1766219323388,ETH-USDT,2989.12,0,sell
1766219323327,ETH-USDT,2989.12,0,sell
1766219323177,ETH-USDT,2989.13,0,buy
1766219322987,ETH-USDT,2989.12,0,sell
1766219322968,ETH-USDT,2989.13,0,buy
1766219322917,ETH-USDT,2989.13,0,buy
1766219322574,ETH-USDT,2989.12,0,sell
1766219322549,ETH-USDT,2989.12,0,sell
1766219322463,ETH-USDT,2989.12,0,sell
1766219322247,ETH-USDT,2989.12,0,sell
1766219322128,ETH-USDT,2989.13,0,buy
1766219321949,ETH-USDT,2989.13,0,buy
1766219321833,ETH-USDT,2989.12,0,sell
1766219321741,ETH-USDT,2989.13,0,buy
1766219321612,ETH-USDT,2989.12,0,sell
1766219321538,ETH-USDT,2989.13,0,buy
1766219321442,ETH-USDT,2989.12,0,sell
1766219321424,ETH-USDT,2989.13,0,buy
1766219321415,ETH-USDT,2989.12,0,sell
1766219321205,ETH-USDT,2989.12,0,sell
1766219321126,ETH-USDT,2989.12,0,sell
1766219321120,ETH-USDT,2989.13,0,buy
1766219321028,ETH-USDT,2989.13,0,buy
1766219320921,ETH-USDT,2989.12,0,sell
1766219320791,ETH-USDT,2989.12,0,sell
1766219320604,ETH-USDT,2989.13,0,buy
1766219320397,ETH-USDT,2989.13,0,buy
1766219320369,ETH-USDT,2989.12,0,sell
1766219320308,ETH-USDT,2989.13,0,buy
1766219319990,ETH-USDT,2989.12,0,sell
1766219319773,ETH-USDT,2989.12,0,sell
1766219319739,ETH-USDT,2989.12,0,sell
1766219319402,ETH-USDT,2989.13,0,buy
1766219319325,ETH-USDT,2989.13,0,buy
1766219319154,ETH-USDT,2989.13,0,buy
1766219319117,ETH-USDT,2989.12,0,sell
1766219319111,ETH-USDT,2989.13,0,buy
1766219318980,ETH-USDT,2989.12,0,sell
1766219318850,ETH-USDT,2989.12,0,sell
1766219318736,ETH-USDT,2989.13,0,buy
1766219318643,ETH-USDT,2989.13,0,buy
1766219318559,ETH-USDT,2989.13,0,buy
1766219318485,ETH-USDT,2989.13,0,buy
1766219318322,ETH-USDT,2989.0,0,sell
1766219318065,ETH-USDT,2988.91,0,sell
1766219317924,ETH-USDT,2989.05,0,buy
1766219317794,ETH-USDT,2988.91,0,sell
1766219317721,ETH-USDT,2988.94,0,sell
1766219317585,ETH-USDT,2988.95,0,buy
1766219317432,ETH-USDT,2988.95,0,buy
1766219317345,ETH-USDT,2988.95,0,buy
1766219317317,ETH-USDT,2988.94,0,sell
1766219317221,ETH-USDT,2988.94,0,sell
1766219317170,ETH-USDT,2988.95,0,buy
1766219316961,ETH-USDT,2988.94,0,sell
1766219316936,ETH-USDT,2988.95,0,buy
1766219316809,ETH-USDT,2988.94,0,sell
1766219316756,ETH-USDT,2988.95,0,buy
1766219316511,ETH-USDT,2988.95,0,buy
1766219316424,ETH-USDT,2988.95,0,buy
1766219316393,ETH-USDT,2988.95,0,buy
1766219316342,ETH-USDT,2988.94,0,sell
1766219316035,ETH-USDT,2988.95,0,buy
1766219315974,ETH-USDT,2988.95,0,buy
1766219315919,ETH-USDT,2988.94,0,sell
1766219315825,ETH-USDT,2988.95,0,buy
1766219315766,ETH-USDT,2988.94,0,sell
1766219315601,ETH-USDT,2989.27,0,buy
1766219315556,ETH-USDT,2988.94,0,sell
1766219315504,ETH-USDT,2989.27,0,buy
1766219315504,ETH-USDT,2989.25,0,buy
1766219315504,ETH-USDT,2989.2,0,buy
1766219315504,ETH-USDT,2989.15,0,buy
1766219315504,ETH-USDT,2989.13,0,buy
1766219315504,ETH-USDT,2989.1,0,buy
1766219315504,ETH-USDT,2989.04,0,buy
1766219315504,ETH-USDT,2989.03,0,buy
1766219315504,ETH-USDT,2989.02,0,buy
1766219315504,ETH-USDT,2989.0,0,buy
1766219315504,ETH-USDT,2988.95,0,buy
1766219315179,ETH-USDT,2988.95,0,buy
1766219315044,ETH-USDT,2988.94,0,sell
1766219314976,ETH-USDT,2988.94,0,sell
1766219314920,ETH-USDT,2988.94,0,sell
1766219314625,ETH-USDT,2988.95,0,buy
1766219314578,ETH-USDT,2988.94,0,sell
1766219314536,ETH-USDT,2988.95,0,buy
1766219314283,ETH-USDT,2988.95,0,buy
1766219314212,ETH-USDT,2988.95,0,buy
1766219314174,ETH-USDT,2988.95,0,buy
1766219314122,ETH-USDT,2988.95,0,buy
1766219313956,ETH-USDT,2988.94,0,sell
1766219313865,ETH-USDT,2988.95,0,buy
1766219313788,ETH-USDT,2988.94,0,sell
1766219313742,ETH-USDT,2988.94,0,sell
1766219313685,ETH-USDT,2988.94,0,sell
1766219313580,ETH-USDT,2988.94,0,sell
1766219313442,ETH-USDT,2988.94,0,sell
1766219313263,ETH-USDT,2988.94,0,sell
1766219313229,ETH-USDT,2988.94,0,sell
1766219313167,ETH-USDT,2988.94,0,sell
1766219313127,ETH-USDT,2988.94,0,sell
1766219312916,ETH-USDT,2988.95,0,buy
1766219312891,ETH-USDT,2988.94,0,sell
1766219312842,ETH-USDT,2988.95,0,buy
1766219312811,ETH-USDT,2988.94,0,sell
1766219312752,ETH-USDT,2988.94,0,sell
1766219312673,ETH-USDT,2988.95,0,buy
1766219312440,ETH-USDT,2988.95,0,buy
1766219312423,ETH-USDT,2988.95,0,buy
1766219312394,ETH-USDT,2988.94,0,sell
1766219312342,ETH-USDT,2988.95,0,buy
1766219312271,ETH-USDT,2988.95,0,buy
1766219312027,ETH-USDT,2988.94,0,sell
1766219311920,ETH-USDT,2988.95,0,buy
1766219311866,ETH-USDT,2988.94,0,sell
1766219311759,ETH-USDT,2988.94,0,sell
1766219311669,ETH-USDT,2988.94,0,sell
1766219311549,ETH-USDT,2988.95,0,buy
1766219311432,ETH-USDT,2988.95,0,buy
1766219311256,ETH-USDT,2988.95,0,buy
1766219311183,ETH-USDT,2988.95,0,buy
1766219310804,ETH-USDT,2988.95,0,buy
1766219310638,ETH-USDT,2988.94,0,sell
1766219310598,ETH-USDT,2988.95,0,buy
1766219310558,ETH-USDT,2988.94,0,sell
1766219310482,ETH-USDT,2988.94,0,sell
1766219310397,ETH-USDT,2988.94,0,sell
1766219310343,ETH-USDT,2988.94,0,sell
1766219310220,ETH-USDT,2988.95,0,buy
1766219310068,ETH-USDT,2988.95,0,buy
1766219309989,ETH-USDT,2988.95,0,buy
1766219309864,ETH-USDT,2988.94,0,sell
1766219309792,ETH-USDT,2988.94,0,sell
1766219309587,ETH-USDT,2988.95,0,buy
1766219309448,ETH-USDT,2988.94,0,sell
1766219309337,ETH-USDT,2988.95,0,buy
1766219309337,ETH-USDT,2988.95,0,buy
1766219309162,ETH-USDT,2988.95,0,buy
1766219308914,ETH-USDT,2988.94,0,sell
1766219308844,ETH-USDT,2988.95,0,buy
1766219308760,ETH-USDT,2988.95,0,buy
1766219308704,ETH-USDT,2988.94,0,sell
1766219308637,ETH-USDT,2988.95,0,buy
1766219308607,ETH-USDT,2988.94,0,sell
1766219308353,ETH-USDT,2988.95,0,buy
1766219308290,ETH-USDT,2988.94,0,sell
1766219308224,ETH-USDT,2988.95,0,buy
1766219308214,ETH-USDT,2988.95,0,buy
1766219308193,ETH-USDT,2988.94,0,sell
1766219308119,ETH-USDT,2988.95,0,buy
1766219307688,ETH-USDT,2988.95,0,buy
1766219307657,ETH-USDT,2988.94,0,sell
1766219307577,ETH-USDT,2988.94,0,sell
1766219307559,ETH-USDT,2988.95,0,buy
1766219307276,ETH-USDT,2988.94,0,sell
1766219307233,ETH-USDT,2988.95,0,buy
1766219307156,ETH-USDT,2988.94,0,sell
1766219307073,ETH-USDT,2988.95,0,buy
1766219307024,ETH-USDT,2988.94,0,sell
1766219306738,ETH-USDT,2988.95,0,buy
1766219306665,ETH-USDT,2988.94,0,sell
1766219306663,ETH-USDT,2988.95,0,buy
1766219306598,ETH-USDT,2988.95,0,buy
1766219306322,ETH-USDT,2988.95,0,buy
1766219306249,ETH-USDT,2988.94,0,sell
1766219306249,ETH-USDT,2988.94,0,sell
1766219306178,ETH-USDT,2988.95,0,buy
1766219306042,ETH-USDT,2988.95,0,buy
1766219305754,ETH-USDT,2988.94,0,sell
1766219305635,ETH-USDT,2988.94,0,sell
1766219305478,ETH-USDT,2988.95,0,buy
1766219305408,ETH-USDT,2988.95,0,buy
1766219305340,ETH-USDT,2988.95,0,buy
1766219305236,ETH-USDT,2988.95,0,buy
1766219305058,ETH-USDT,2988.94,0,sell
1766219304851,ETH-USDT,2988.95,0,buy
1766219304782,ETH-USDT,2988.95,0,buy
1766219304455,ETH-USDT,2988.94,0,sell
1766219304429,ETH-USDT,2988.94,0,sell
1766219304420,ETH-USDT,2988.95,0,buy
1766219304363,ETH-USDT,2988.94,0,sell
1766219304333,ETH-USDT,2988.94,0,sell
1766219304154,ETH-USDT,2988.95,0,buy
1766219304047,ETH-USDT,2988.95,0,buy
1766219304012,ETH-USDT,2988.95,0,buy
1766219303910,ETH-USDT,2988.94,0,sell
1766219303906,ETH-USDT,2988.94,0,sell
1766219303631,ETH-USDT,2988.94,0,sell
1766219303583,ETH-USDT,2988.95,0,buy
1766219303526,ETH-USDT,2988.95,0,buy
1766219303486,ETH-USDT,2988.94,0,sell
1766219303314,ETH-USDT,2988.95,0,buy
1766219303311,ETH-USDT,2988.94,0,sell
1766219303212,ETH-USDT,2988.94,0,sell
1766219303170,ETH-USDT,2988.94,0,sell
1766219303060,ETH-USDT,2988.95,0,buy
1766219302904,ETH-USDT,2988.95,0,buy
1766219302894,ETH-USDT,2988.94,0,sell
1766219302799,ETH-USDT,2988.95,0,buy
1766219302724,ETH-USDT,2988.95,0,buy
1766219302636,ETH-USDT,2988.95,0,buy
1766219302542,ETH-USDT,2988.95,0,buy
1766219302476,ETH-USDT,2988.95,0,buy
1766219302393,ETH-USDT,2988.95,0,buy
1766219302332,ETH-USDT,2988.94,0,sell
1766219302283,ETH-USDT,2988.94,0,sell
1766219302211,ETH-USDT,2988.95,0,buy
1766219302172,ETH-USDT,2988.94,0,sell
1766219302074,ETH-USDT,2988.95,0,buy
1766219302055,ETH-USDT,2988.94,0,sell
1766219301962,ETH-USDT,2988.95,0,buy
1766219301740,ETH-USDT,2988.95,0,buy
1766219301662,ETH-USDT,2988.94,0,sell
1766219301639,ETH-USDT,2988.95,0,buy
1766219301368,ETH-USDT,2988.95,0,buy
1766219301325,ETH-USDT,2988.95,0,buy
1766219301261,ETH-USDT,2988.94,0,sell
1766219301213,ETH-USDT,2988.95,0,buy
1766219300909,ETH-USDT,2988.94,0,sell
1766219300840,ETH-USDT,2988.95,0,buy
1766219300794,ETH-USDT,2988.94,0,sell
1766219300744,ETH-USDT,2988.95,0,buy
1766219300587,ETH-USDT,2988.95,0,buy
1766219300476,ETH-USDT,2988.94,0,sell
1766219300370,ETH-USDT,2988.94,0,sell
1766219300329,ETH-USDT,2988.95,0,buy
1766219300174,ETH-USDT,2988.94,0,sell
1766219300045,ETH-USDT,2988.94,0,sell
1766219299952,ETH-USDT,2988.95,0,buy
1766219299901,ETH-USDT,2988.95,0,buy
1766219299770,ETH-USDT,2988.95,0,buy
1766219299745,ETH-USDT,2988.95,0,buy
1766219299620,ETH-USDT,2988.95,0,buy
1766219299571,ETH-USDT,2988.94,0,sell
1766219299541,ETH-USDT,2988.94,0,sell
1766219299191,ETH-USDT,2988.94,0,sell
1766219299149,ETH-USDT,2988.94,0,sell
1766219299120,ETH-USDT,2988.95,0,buy
1766219299024,ETH-USDT,2988.95,0,buy
1766219298999,ETH-USDT,2988.95,0,buy
1766219298762,ETH-USDT,2988.95,0,buy
1766219298600,ETH-USDT,2988.95,0,buy
1766219298512,ETH-USDT,2988.94,0,sell
1766219298488,ETH-USDT,2988.94,0,sell
1766219298339,ETH-USDT,2988.95,0,buy
1766219298308,ETH-USDT,2988.94,0,sell
1766219297968,ETH-USDT,2988.95,0,buy
1766219297894,ETH-USDT,2988.95,0,buy
1766219297861,ETH-USDT,2988.7,0,sell
1766219297432,ETH-USDT,2988.7,0,sell
1766219297354,ETH-USDT,2988.95,0,buy
1766219296935,ETH-USDT,2988.74,0,sell
1766219296854,ETH-USDT,2988.74,0,sell
1766219296803,ETH-USDT,2988.75,0,buy
1766219296683,ETH-USDT,2988.74,0,sell
1766219296466,ETH-USDT,2988.75,0,buy
1766219296427,ETH-USDT,2988.75,0,buy
1766219296377,ETH-USDT,2988.75,0,buy
1766219296307,ETH-USDT,2988.74,0,sell
1766219296261,ETH-USDT,2988.75,0,buy
1766219296166,ETH-USDT,2988.75,0,buy
1766219296104,ETH-USDT,2988.75,0,buy
1766219295999,ETH-USDT,2988.75,0,buy
1766219295847,ETH-USDT,2988.75,0,buy
1766219295744,ETH-USDT,2988.75,0,buy
1766219295581,ETH-USDT,2988.74,0,sell
1766219295513,ETH-USDT,2988.75,0,buy
1766219295432,ETH-USDT,2988.75,0,buy
1766219295373,ETH-USDT,2988.74,0,sell
1766219295323,ETH-USDT,2988.75,0,buy
1766219295092,ETH-USDT,2988.75,0,buy
1766219295003,ETH-USDT,2988.74,0,sell
1766219294955,ETH-USDT,2988.74,0,sell
1766219294911,ETH-USDT,2988.74,0,sell
1766219294790,ETH-USDT,2988.75,0,buy
1766219294749,ETH-USDT,2988.75,0,buy
1766219294478,ETH-USDT,2988.75,0,buy
1766219294474,ETH-USDT,2988.75,0,buy
1766219294424,ETH-USDT,2988.75,0,buy
1766219294376,ETH-USDT,2988.74,0,sell
1766219294114,ETH-USDT,2988.74,0,sell
1766219294062,ETH-USDT,2988.74,0,sell
1766219294055,ETH-USDT,2988.75,0,buy
1766219293852,ETH-USDT,2988.75,0,buy
1766219293648,ETH-USDT,2988.74,0,sell
1766219293548,ETH-USDT,2988.75,0,buy
1766219293438,ETH-USDT,2988.74,0,sell
1766219293433,ETH-USDT,2988.75,0,buy
1766219293314,ETH-USDT,2988.74,0,sell
1766219293221,ETH-USDT,2988.75,0,buy
1766219293134,ETH-USDT,2988.0,0,buy
1766219292999,ETH-USDT,2983.55,0,sell
1766219292999,ETH-USDT,2984.0,0,sell
1766219292937,ETH-USDT,2988.75,0,buy
1766219292925,ETH-USDT,2984.0,0,sell
1766219292904,ETH-USDT,2988.75,0,buy
1766219292904,ETH-USDT,2988.0,0,buy
1766219292588,ETH-USDT,2988.0,0,buy
1766219292532,ETH-USDT,2983.55,0,sell
1766219292532,ETH-USDT,2984.0,0,sell
1766219292331,ETH-USDT,2984.0,0,sell
1766219292273,ETH-USDT,2988.75,0,buy
1766219292131,ETH-USDT,2988.31,0,buy
1766219291743,ETH-USDT,2988.31,0,buy
1766219291654,ETH-USDT,2988.31,0,buy
1766219291591,ETH-USDT,2988.31,0,buy
1766219291536,ETH-USDT,2988.31,0,buy
1766219291274,ETH-USDT,2988.3,0,sell
1766219291218,ETH-USDT,2988.3,0,sell
1766219291177,ETH-USDT,2988.3,0,sell
1766219291122,ETH-USDT,2988.3,0,sell
1766219291009,ETH-USDT,2988.3,0,sell
1766219290911,ETH-USDT,2988.31,0,buy
1766219290763,ETH-USDT,2988.31,0,buy
1766219290684,ETH-USDT,2988.31,0,buy
1766219290650,ETH-USDT,2988.31,0,buy
1766219290390,ETH-USDT,2988.31,0,buy
1766219290344,ETH-USDT,2988.3,0,sell
1766219290264,ETH-USDT,2988.31,0,buy
1766219290222,ETH-USDT,2988.31,0,buy
1766219289965,ETH-USDT,2988.31,0,buy
1766219289936,ETH-USDT,2988.31,0,buy
1766219289842,ETH-USDT,2988.3,0,sell
1766219289666,ETH-USDT,2988.3,0,sell
1766219289598,ETH-USDT,2988.31,0,buy
1766219289525,ETH-USDT,2988.3,0,sell
1766219289422,ETH-USDT,2988.31,0,buy
1766219289245,ETH-USDT,2988.31,0,buy
1766219289224,ETH-USDT,2988.31,0,buy
1766219289115,ETH-USDT,2988.31,0,buy
1766219289005,ETH-USDT,2988.31,0,buy
1766219288964,ETH-USDT,2988.31,0,buy
1766219288838,ETH-USDT,2988.31,0,buy
1766219288590,ETH-USDT,2988.3,0,sell
1766219288549,ETH-USDT,2988.31,0,buy
1766219288428,ETH-USDT,2988.31,0,buy
1766219288252,ETH-USDT,2988.3,0,sell
1766219288169,ETH-USDT,2988.31,0,buy
1766219288054,ETH-USDT,2988.31,0,buy
1766219287959,ETH-USDT,2988.31,0,buy
1766219287637,ETH-USDT,2988.3,0,sell
1766219287596,ETH-USDT,2988.3,0,sell
1766219287539,ETH-USDT,2988.31,0,buy
1766219287432,ETH-USDT,2988.31,0,buy
1766219287390,ETH-USDT,2988.31,0,buy
1766219287329,ETH-USDT,2988.3,0,sell
1766219287122,ETH-USDT,2988.3,0,sell
1766219287023,ETH-USDT,2988.31,0,buy
1766219286977,ETH-USDT,2988.31,0,buy
1766219286913,ETH-USDT,2988.31,0,buy
1766219286772,ETH-USDT,2988.3,0,sell
1766219286421,ETH-USDT,2988.3,0,sell
1766219286128,ETH-USDT,2988.31,0,buy
1766219286115,ETH-USDT,2988.31,0,buy
1766219286014,ETH-USDT,2988.3,0,sell
1766219286013,ETH-USDT,2988.31,0,buy
1766219285838,ETH-USDT,2988.31,0,buy
1766219285813,ETH-USDT,2988.3,0,sell
1766219285691,ETH-USDT,2988.31,0,buy
1766219285596,ETH-USDT,2988.31,0,buy
1766219285418,ETH-USDT,2988.3,0,sell
1766219285400,ETH-USDT,2988.3,0,sell
1766219285278,ETH-USDT,2988.3,0,sell
1766219285186,ETH-USDT,2988.31,0,buy
1766219285124,ETH-USDT,2988.31,0,buy
1766219284984,ETH-USDT,2988.31,0,buy
1766219284968,ETH-USDT,2988.3,0,sell
1766219284858,ETH-USDT,2988.31,0,buy
1766219284770,ETH-USDT,2988.31,0,buy
1766219284689,ETH-USDT,2988.3,0,sell
1766219284550,ETH-USDT,2988.31,0,buy
1766219284482,ETH-USDT,2988.3,0,sell
1766219284436,ETH-USDT,2988.3,0,sell
1766219284354,ETH-USDT,2988.31,0,buy
1766219284339,ETH-USDT,2988.31,0,buy
1766219284154,ETH-USDT,2988.3,0,sell
1766219284127,ETH-USDT,2988.31,0,buy
1766219284057,ETH-USDT,2988.3,0,sell
1766219284016,ETH-USDT,2988.3,0,sell
1766219283947,ETH-USDT,2988.31,0,buy
1766219283917,ETH-USDT,2988.31,0,buy
1766219283870,ETH-USDT,2988.31,0,buy
1766219283594,ETH-USDT,2988.31,0,buy
1766219283537,ETH-USDT,2988.3,0,sell
1766219283450,ETH-USDT,2988.31,0,buy
1766219283419,ETH-USDT,2988.31,0,buy
1766219283195,ETH-USDT,2988.3,0,sell
1766219283116,ETH-USDT,2988.31,0,buy
1766219282990,ETH-USDT,2988.3,0,sell
1766219282913,ETH-USDT,2988.31,0,buy
1766219282819,ETH-USDT,2988.3,0,sell
1766219282782,ETH-USDT,2988.31,0,buy
1766219282749,ETH-USDT,2988.3,0,sell
1766219282402,ETH-USDT,2988.31,0,buy
1766219282367,ETH-USDT,2988.3,0,sell
1766219282258,ETH-USDT,2988.31,0,buy
1766219282153,ETH-USDT,2988.31,0,buy
1766219282129,ETH-USDT,2988.31,0,buy
1766219281983,ETH-USDT,2988.31,0,buy
1766219281837,ETH-USDT,2988.3,0,sell
1766219281730,ETH-USDT,2988.31,0,buy
1766219281618,ETH-USDT,2988.31,0,buy
1766219281517,ETH-USDT,2988.3,0,sell
1766219281350,ETH-USDT,2988.31,0,buy
1766219281275,ETH-USDT,2988.31,0,buy
1766219281193,ETH-USDT,2988.31,0,buy
1766219281104,ETH-USDT,2988.31,0,buy
1766219280935,ETH-USDT,2988.3,0,sell
1766219280857,ETH-USDT,2988.3,0,sell
1766219280725,ETH-USDT,2988.31,0,buy
1766219280531,ETH-USDT,2988.31,0,buy
1766219280525,ETH-USDT,2988.31,0,buy
1766219280434,ETH-USDT,2988.31,0,buy
1766219280222,ETH-USDT,2988.3,0,sell
1766219280151,ETH-USDT,2988.31,0,buy
1766219280121,ETH-USDT,2988.31,0,buy
1766219279913,ETH-USDT,2988.3,0,sell
1766219279737,ETH-USDT,2988.31,0,buy
1766219279687,ETH-USDT,2988.3,0,sell
1766219279631,ETH-USDT,2988.31,0,buy
1766219279599,ETH-USDT,2988.31,0,buy
1766219279481,ETH-USDT,2988.31,0,buy
1766219279395,ETH-USDT,2988.3,0,sell
1766219279318,ETH-USDT,2988.31,0,buy
1766219279002,ETH-USDT,2988.31,0,buy
1766219278974,ETH-USDT,2988.3,0,sell
1766219278906,ETH-USDT,2988.31,0,buy
1766219278590,ETH-USDT,2988.31,0,buy
1766219278559,ETH-USDT,2988.3,0,sell
1766219278495,ETH-USDT,2988.3,0,sell
1766219278345,ETH-USDT,2988.31,0,buy
1766219278291,ETH-USDT,2988.31,0,buy
1766219278283,ETH-USDT,2988.3,0,sell
1766219278133,ETH-USDT,2988.3,0,sell
1766219277875,ETH-USDT,2988.31,0,buy
1766219277846,ETH-USDT,2988.3,0,sell
1766219277719,ETH-USDT,2988.3,0,sell
1766219277538,ETH-USDT,2988.31,0,buy
1766219277450,ETH-USDT,2988.3,0,sell
1766219277425,ETH-USDT,2988.31,0,buy
1766219277330,ETH-USDT,2988.31,0,buy
1766219277294,ETH-USDT,2988.31,0,buy
1766219277224,ETH-USDT,2988.3,0,sell
1766219277023,ETH-USDT,2988.3,0,sell
1766219276911,ETH-USDT,2988.3,0,sell
1766219276874,ETH-USDT,2988.3,0,sell
1766219276801,ETH-USDT,2988.3,0,sell
1766219276595,ETH-USDT,2988.3,0,sell
1766219276442,ETH-USDT,2988.3,0,sell
1766219276391,ETH-USDT,2988.31,0,buy
1766219276275,ETH-USDT,2988.3,0,sell
1766219276179,ETH-USDT,2988.31,0,buy
1766219276005,ETH-USDT,2988.31,0,buy
1766219275919,ETH-USDT,2988.3,0,sell
1766219275857,ETH-USDT,2988.3,0,sell
1766219275767,ETH-USDT,2988.3,0,sell
1766219275710,ETH-USDT,2988.31,0,buy
1766219275439,ETH-USDT,2988.29,0,sell
1766219275385,ETH-USDT,2988.29,0,sell
1766219275291,ETH-USDT,2988.29,0,sell
1766219275172,ETH-USDT,2988.29,0,sell
1766219274941,ETH-USDT,2988.2,0,sell
1766219274878,ETH-USDT,2988.31,0,buy
1766219274812,ETH-USDT,2988.2,0,sell
1766219274727,ETH-USDT,2988.21,0,buy
1766219274601,ETH-USDT,2988.21,0,buy
1766219274456,ETH-USDT,2988.21,0,buy
1766219274394,ETH-USDT,2988.21,0,buy
1766219274333,ETH-USDT,2988.21,0,buy
1766219274313,ETH-USDT,2988.2,0,sell
1766219274034,ETH-USDT,2988.21,0,buy
1766219410104,ETH-USDT,2988.86,0,sell
1766219410030,ETH-USDT,2988.87,0,buy
1766219409942,ETH-USDT,2988.87,0,buy
1766219409766,ETH-USDT,2988.87,0,buy
1766219409615,ETH-USDT,2988.86,0,sell
1766219409557,ETH-USDT,2988.87,0,buy
1766219409354,ETH-USDT,2988.87,0,buy
1766219409261,ETH-USDT,2988.87,0,buy
1766219409201,ETH-USDT,2988.87,0,buy
1766219409149,ETH-USDT,2988.87,0,buy
1766219408989,ETH-USDT,2988.86,0,sell
1766219408947,ETH-USDT,2988.86,0,sell
1766219408845,ETH-USDT,2988.86,0,sell
1766219408731,ETH-USDT,2988.87,0,buy
1766219408477,ETH-USDT,2988.87,0,buy
1766219408425,ETH-USDT,2988.86,0,sell
1766219408294,ETH-USDT,2988.86,0,sell
1766219408068,ETH-USDT,2988.86,0,sell
1766219408009,ETH-USDT,2988.86,0,sell
1766219407656,ETH-USDT,2988.87,0,buy
1766219407625,ETH-USDT,2988.87,0,buy
1766219407379,ETH-USDT,2988.86,0,sell
1766219407244,ETH-USDT,2988.86,0,sell
1766219407239,ETH-USDT,2988.87,0,buy
1766219407169,ETH-USDT,2988.87,0,buy
1766219406901,ETH-USDT,2988.86,0,sell
1766219406834,ETH-USDT,2988.86,0,sell
1766219406808,ETH-USDT,2988.87,0,buy
1766219406754,ETH-USDT,2988.86,0,sell
1766219406635,ETH-USDT,2988.86,0,sell
1766219406602,ETH-USDT,2988.86,0,sell
1766219406487,ETH-USDT,2988.86,0,sell
1766219406362,ETH-USDT,2988.87,0,buy
1766219406346,ETH-USDT,2988.86,0,sell
1766219406277,ETH-USDT,2988.86,0,sell
1766219406204,ETH-USDT,2988.87,0,buy
1766219405861,ETH-USDT,2988.86,0,sell
1766219405529,ETH-USDT,2988.86,0,sell
1766219405443,ETH-USDT,2988.87,0,buy
1766219405113,ETH-USDT,2988.85,0,sell
1766219405026,ETH-USDT,2988.85,0,sell
1766219404957,ETH-USDT,2988.85,0,sell
1766219404706,ETH-USDT,2988.85,0,sell
1766219404706,ETH-USDT,2988.86,0,sell
1766219404653,ETH-USDT,2988.92,0,buy
1766219404653,ETH-USDT,2988.9,0,buy
1766219404599,ETH-USDT,2988.92,0,buy
1766219404437,ETH-USDT,2988.86,0,sell
1766219404392,ETH-USDT,2988.92,0,buy
1766219404392,ETH-USDT,2988.87,0,buy
1766219404360,ETH-USDT,2988.87,0,buy
1766219404295,ETH-USDT,2988.86,0,sell
1766219404087,ETH-USDT,2988.86,0,sell
1766219403956,ETH-USDT,2988.95,0,buy
1766219403943,ETH-USDT,2988.95,0,buy
1766219403943,ETH-USDT,2988.9,0,buy
1766219403875,ETH-USDT,2988.9,0,buy
1766219403786,ETH-USDT,2988.9,0,buy
1766219403522,ETH-USDT,2988.96,0,buy
1766219403404,ETH-USDT,2988.96,0,buy
1766219403383,ETH-USDT,2988.86,0,sell
1766219403369,ETH-USDT,2988.96,0,buy
1766219403177,ETH-USDT,2988.93,0,sell
1766219403101,ETH-USDT,2989.7,0,buy
1766219402951,ETH-USDT,2989.7,0,buy
1766219402885,ETH-USDT,2989.7,0,buy
1766219402885,ETH-USDT,2989.69,0,buy
1766219402885,ETH-USDT,2989.47,0,buy
1766219402756,ETH-USDT,2989.47,0,buy
1766219402756,ETH-USDT,2989.45,0,buy
1766219402549,ETH-USDT,2989.4,0,buy
1766219402529,ETH-USDT,2989.35,0,sell
1766219402336,ETH-USDT,2989.4,0,buy
1766219402259,ETH-USDT,2989.4,0,buy
1766219402249,ETH-USDT,2989.35,0,sell
1766219402126,ETH-USDT,2989.39,0,buy
1766219401877,ETH-USDT,2989.39,0,buy
1766219401825,ETH-USDT,2989.39,0,buy
1766219401817,ETH-USDT,2989.38,0,sell
1766219401808,ETH-USDT,2989.39,0,buy
1766219401608,ETH-USDT,2989.39,0,buy
1766219401450,ETH-USDT,2989.39,0,buy
1766219401231,ETH-USDT,2989.28,0,sell
1766219401171,ETH-USDT,2989.28,0,sell
1766219401020,ETH-USDT,2989.39,0,buy
1766219400817,ETH-USDT,2989.28,0,sell
1766219400762,ETH-USDT,2989.39,0,buy
1766219400388,ETH-USDT,2989.32,0,buy
1766219400388,ETH-USDT,2989.29,0,buy
1766219400196,ETH-USDT,2989.25,0,buy
1766219400172,ETH-USDT,2989.24,0,sell
1766219399896,ETH-USDT,2989.25,0,buy
1766219399792,ETH-USDT,2989.25,0,buy
1766219399735,ETH-USDT,2989.24,0,sell
1766219399692,ETH-USDT,2989.25,0,buy
1766219399683,ETH-USDT,2989.25,0,buy
1766219399528,ETH-USDT,2989.25,0,buy
1766219399522,ETH-USDT,2989.25,0,buy
1766219399278,ETH-USDT,2989.24,0,sell
1766219399263,ETH-USDT,2989.24,0,sell
1766219399158,ETH-USDT,2989.24,0,sell
1766219399123,ETH-USDT,2989.24,0,sell
1766219399048,ETH-USDT,2989.24,0,sell
1766219398945,ETH-USDT,2989.24,0,sell
1766219398841,ETH-USDT,2989.25,0,buy
1766219398784,ETH-USDT,2989.24,0,sell
1766219398705,ETH-USDT,2989.24,0,sell
1766219398630,ETH-USDT,2989.24,0,sell
1766219398574,ETH-USDT,2989.25,0,buy
1766219398420,ETH-USDT,2989.24,0,sell
1766219398302,ETH-USDT,2989.24,0,sell
1766219398154,ETH-USDT,2989.25,0,buy
1766219398013,ETH-USDT,2989.25,0,buy
1766219398009,ETH-USDT,2989.25,0,buy
1766219397802,ETH-USDT,2989.25,0,buy
1766219397592,ETH-USDT,2989.24,0,sell
1766219397467,ETH-USDT,2989.25,0,buy
1766219397379,ETH-USDT,2989.25,0,buy
1766219397375,ETH-USDT,2989.24,0,sell
1766219397185,ETH-USDT,2989.24,0,sell
1766219397044,ETH-USDT,2989.25,0,buy
1766219396982,ETH-USDT,2989.25,0,buy
1766219396947,ETH-USDT,2989.24,0,sell
1766219396634,ETH-USDT,2989.25,0,buy
1766219396574,ETH-USDT,2989.25,0,buy
1766219396565,ETH-USDT,2989.25,0,buy
1766219396533,ETH-USDT,2989.24,0,sell
1766219396424,ETH-USDT,2989.25,0,buy
1766219396204,ETH-USDT,2989.24,0,sell
1766219396170,ETH-USDT,2989.25,0,buy
1766219396158,ETH-USDT,2989.25,0,buy
1766219396113,ETH-USDT,2989.25,0,buy
1766219396000,ETH-USDT,2989.24,0,sell
1766219395770,ETH-USDT,2989.25,0,buy
1766219395691,ETH-USDT,2989.24,0,sell
1766219395579,ETH-USDT,2989.25,0,buy
1766219395368,ETH-USDT,2989.24,0,sell
1766219395363,ETH-USDT,2989.25,0,buy
1766219395263,ETH-USDT,2989.24,0,sell
1766219394844,ETH-USDT,2989.25,0,buy
1766219394422,ETH-USDT,2989.24,0,sell
1766219394260,ETH-USDT,2989.25,0,buy
1766219394141,ETH-USDT,2989.24,0,sell
1766219394072,ETH-USDT,2989.25,0,buy
1766219394044,ETH-USDT,2989.24,0,sell
1766219394002,ETH-USDT,2989.24,0,sell
1766219393933,ETH-USDT,2989.24,0,sell
1766219393649,ETH-USDT,2989.24,0,sell
1766219393583,ETH-USDT,2989.24,0,sell
1766219393423,ETH-USDT,2989.24,0,sell
1766219393370,ETH-USDT,2989.24,0,sell
1766219393228,ETH-USDT,2989.24,0,sell
1766219392999,ETH-USDT,2989.25,0,buy
1766219392816,ETH-USDT,2989.24,0,sell
1766219392791,ETH-USDT,2989.25,0,buy
1766219392448,ETH-USDT,2989.24,0,sell
1766219392406,ETH-USDT,2989.24,0,sell
1766219392374,ETH-USDT,2989.25,0,buy
1766219392299,ETH-USDT,2989.24,0,sell
1766219392170,ETH-USDT,2989.24,0,sell
1766219392039,ETH-USDT,2989.25,0,buy
1766219391952,ETH-USDT,2989.24,0,sell
1766219391924,ETH-USDT,2989.25,0,buy
1766219391876,ETH-USDT,2989.24,0,sell
1766219391785,ETH-USDT,2989.24,0,sell
1766219391662,ETH-USDT,2989.24,0,sell
1766219391577,ETH-USDT,2989.25,0,buy
1766219391526,ETH-USDT,2989.24,0,sell
1766219391390,ETH-USDT,2989.24,0,sell
1766219391147,ETH-USDT,2989.25,0,buy
1766219391112,ETH-USDT,2989.24,0,sell
1766219391028,ETH-USDT,2989.25,0,buy
1766219390975,ETH-USDT,2989.25,0,buy
1766219390946,ETH-USDT,2989.24,0,sell
1766219390686,ETH-USDT,2989.24,0,sell
1766219390569,ETH-USDT,2989.25,0,buy
1766219390403,ETH-USDT,2989.24,0,sell
1766219390262,ETH-USDT,2989.25,0,buy
1766219390154,ETH-USDT,2989.25,0,buy
1766219390045,ETH-USDT,2989.25,0,buy
1766219389983,ETH-USDT,2989.24,0,sell
1766219389830,ETH-USDT,2989.25,0,buy
1766219389628,ETH-USDT,2989.24,0,sell
1766219389562,ETH-USDT,2989.25,0,buy
1766219389414,ETH-USDT,2989.24,0,sell
1766219389147,ETH-USDT,2989.25,0,buy
1766219389138,ETH-USDT,2989.25,0,buy
1766219388999,ETH-USDT,2989.24,0,sell
1766219388930,ETH-USDT,2989.25,0,buy
1766219388799,ETH-USDT,2989.24,0,sell
1766219388796,ETH-USDT,2989.24,0,sell
1766219388716,ETH-USDT,2989.24,0,sell
1766219388508,ETH-USDT,2989.24,0,sell
1766219388374,ETH-USDT,2989.24,0,sell
1766219388170,ETH-USDT,2989.25,0,buy
1766219388168,ETH-USDT,2989.24,0,sell
1766219388082,ETH-USDT,2989.25,0,buy
1766219388079,ETH-USDT,2989.25,0,buy
1766219387863,ETH-USDT,2989.24,0,sell
1766219387760,ETH-USDT,2989.25,0,buy
1766219387664,ETH-USDT,2989.25,0,buy
1766219387441,ETH-USDT,2989.25,0,buy
1766219387250,ETH-USDT,2989.25,0,buy
1766219387142,ETH-USDT,2989.25,0,buy
1766219387027,ETH-USDT,2989.25,0,buy
1766219387024,ETH-USDT,2989.25,0,buy
1766219386830,ETH-USDT,2989.2,0,sell
1766219386705,ETH-USDT,2989.2,0,sell
1766219386502,ETH-USDT,2989.1,0,sell
1766219386415,ETH-USDT,2989.1,0,sell
1766219386391,ETH-USDT,2989.1,0,sell
1766219386345,ETH-USDT,2989.25,0,buy
1766219386297,ETH-USDT,2989.1,0,sell
1766219386206,ETH-USDT,2989.14,0,sell
1766219386200,ETH-USDT,2989.14,0,sell
1766219385986,ETH-USDT,2989.14,0,sell
1766219385924,ETH-USDT,2989.14,0,sell
1766219385889,ETH-USDT,2989.15,0,buy
1766219385782,ETH-USDT,2989.14,0,sell
1766219385567,ETH-USDT,2989.15,0,buy
1766219385504,ETH-USDT,2989.14,0,sell
1766219385462,ETH-USDT,2989.14,0,sell
1766219385399,ETH-USDT,2989.14,0,sell
1766219385371,ETH-USDT,2989.14,0,sell
1766219385087,ETH-USDT,2989.15,0,buy
1766219385042,ETH-USDT,2989.15,0,buy
1766219384948,ETH-USDT,2989.15,0,buy
1766219384932,ETH-USDT,2989.14,0,sell
1766219384930,ETH-USDT,2989.14,0,sell
1766219384667,ETH-USDT,2989.14,0,sell
1766219384620,ETH-USDT,2989.15,0,buy
1766219384507,ETH-USDT,2989.15,0,buy
1766219384335,ETH-USDT,2989.14,0,sell
1766219384248,ETH-USDT,2989.15,0,buy
1766219384193,ETH-USDT,2989.14,0,sell
1766219384083,ETH-USDT,2989.15,0,buy
1766219383929,ETH-USDT,2989.15,0,buy
1766219383876,ETH-USDT,2989.14,0,sell
1766219383825,ETH-USDT,2989.14,0,sell
1766219383784,ETH-USDT,2989.14,0,sell
1766219383579,ETH-USDT,2989.15,0,buy
1766219383463,ETH-USDT,2989.14,0,sell
1766219383407,ETH-USDT,2989.14,0,sell
1766219383367,ETH-USDT,2989.14,0,sell
1766219383277,ETH-USDT,2989.15,0,buy
1766219383038,ETH-USDT,2989.2,0,buy
1766219382989,ETH-USDT,2989.2,0,buy
1766219382857,ETH-USDT,2989.1,0,sell
1766219382857,ETH-USDT,2989.11,0,sell
1766219382857,ETH-USDT,2989.14,0,sell
1766219382648,ETH-USDT,2989.2,0,buy
1766219382648,ETH-USDT,2989.19,0,buy
1766219382624,ETH-USDT,2989.17,0,buy
1766219382624,ETH-USDT,2989.15,0,buy
1766219382569,ETH-USDT,2989.14,0,sell
1766219382355,ETH-USDT,2989.14,0,sell
1766219382205,ETH-USDT,2989.15,0,buy
1766219382144,ETH-USDT,2989.14,0,sell
1766219382023,ETH-USDT,2989.15,0,buy
1766219381935,ETH-USDT,2989.14,0,sell
1766219381887,ETH-USDT,2989.15,0,buy
1766219381724,ETH-USDT,2989.15,0,buy
1766219381585,ETH-USDT,2989.15,0,buy
1766219381506,ETH-USDT,2989.14,0,sell
1766219381467,ETH-USDT,2989.14,0,sell
1766219381402,ETH-USDT,2989.14,0,sell
1766219381301,ETH-USDT,2989.15,0,buy
1766219381155,ETH-USDT,2989.15,0,buy
1766219381047,ETH-USDT,2989.15,0,buy
1766219380981,ETH-USDT,2989.14,0,sell
1766219380881,ETH-USDT,2989.15,0,buy
1766219380465,ETH-USDT,2989.15,0,buy
1766219380422,ETH-USDT,2989.15,0,buy
1766219380209,ETH-USDT,2989.15,0,buy
1766219380132,ETH-USDT,2989.14,0,sell
1766219380050,ETH-USDT,2989.15,0,buy
1766219379899,ETH-USDT,2989.15,0,buy
1766219379796,ETH-USDT,2989.14,0,sell
1766219379634,ETH-USDT,2989.15,0,buy
1766219379588,ETH-USDT,2989.15,0,buy
1766219379487,ETH-USDT,2989.14,0,sell
1766219379425,ETH-USDT,2989.15,0,buy
1766219379413,ETH-USDT,2989.14,0,sell
1766219379083,ETH-USDT,2989.15,0,buy
1766219379005,ETH-USDT,2989.15,0,buy
1766219379005,ETH-USDT,2989.14,0,sell
1766219378956,ETH-USDT,2989.15,0,buy
1766219378677,ETH-USDT,2989.14,0,sell
1766219378663,ETH-USDT,2989.14,0,sell
1766219378584,ETH-USDT,2989.14,0,sell
1766219378470,ETH-USDT,2989.14,0,sell
1766219378378,ETH-USDT,2989.14,0,sell
1766219378252,ETH-USDT,2989.14,0,sell
1766219378162,ETH-USDT,2989.15,0,buy
1766219378055,ETH-USDT,2989.15,0,buy
1766219377841,ETH-USDT,2989.14,0,sell
1766219377749,ETH-USDT,2989.14,0,sell
1766219377635,ETH-USDT,2989.15,0,buy
1766219377525,ETH-USDT,2989.15,0,buy
1766219377433,ETH-USDT,2989.14,0,sell
1766219377424,ETH-USDT,2989.14,0,sell
1766219377332,ETH-USDT,2989.15,0,buy
1766219377029,ETH-USDT,2989.14,0,sell
1766219377008,ETH-USDT,2989.15,0,buy
1766219376877,ETH-USDT,2989.14,0,sell
1766219376824,ETH-USDT,2989.15,0,buy
1766219376583,ETH-USDT,2989.14,0,sell
1766219376467,ETH-USDT,2989.14,0,sell
1766219376327,ETH-USDT,2989.14,0,sell
1766219376256,ETH-USDT,2989.15,0,buy
1766219375989,ETH-USDT,2989.15,0,buy
1766219375953,ETH-USDT,2989.15,0,buy
1766219375716,ETH-USDT,2989.14,0,sell
1766219375690,ETH-USDT,2989.14,0,sell
1766219375572,ETH-USDT,2989.15,0,buy
1766219375423,ETH-USDT,2989.14,0,sell
1766219375304,ETH-USDT,2989.14,0,sell
1766219375213,ETH-USDT,2989.15,0,buy
1766219375153,ETH-USDT,2989.15,0,buy
1766219375069,ETH-USDT,2989.14,0,sell
1766219374882,ETH-USDT,2989.14,0,sell
1766219374648,ETH-USDT,2989.15,0,buy
1766219374578,ETH-USDT,2989.15,0,buy
1766219374260,ETH-USDT,2989.15,0,buy
1766219374158,ETH-USDT,2989.14,0,sell
1766219374085,ETH-USDT,2989.15,0,buy
1766219374051,ETH-USDT,2989.14,0,sell
1766219374019,ETH-USDT,2989.14,0,sell
1766219373877,ETH-USDT,2989.15,0,buy
1766219373838,ETH-USDT,2989.14,0,sell
1766219373677,ETH-USDT,2989.15,0,buy
1766219373461,ETH-USDT,2989.15,0,buy
1766219373417,ETH-USDT,2989.14,0,sell
1766219373395,ETH-USDT,2989.15,0,buy
1766219373254,ETH-USDT,2989.14,0,sell
1766219373170,ETH-USDT,2989.14,0,sell
1766219373125,ETH-USDT,2989.15,0,buy
1766219373053,ETH-USDT,2989.14,0,sell
1766219372993,ETH-USDT,2989.15,0,buy
1766219372946,ETH-USDT,2989.15,0,buy
1766219372835,ETH-USDT,2989.15,0,buy
1766219372647,ETH-USDT,2989.14,0,sell
1766219372574,ETH-USDT,2989.15,0,buy
1766219372431,ETH-USDT,2989.15,0,buy
1766219372240,ETH-USDT,2989.15,0,buy
1766219372148,ETH-USDT,2989.15,0,buy
1766219371938,ETH-USDT,2989.14,0,sell
1766219371920,ETH-USDT,2989.14,0,sell
1766219371841,ETH-USDT,2989.14,0,sell
1766219371801,ETH-USDT,2989.15,0,buy
1766219371712,ETH-USDT,2989.15,0,buy
1766219371634,ETH-USDT,2989.14,0,sell
1766219371430,ETH-USDT,2989.14,0,sell
1766219371389,ETH-USDT,2989.15,0,buy
1766219371292,ETH-USDT,2989.15,0,buy
1766219371168,ETH-USDT,2989.0,0,sell
1766219371020,ETH-USDT,2989.0,0,sell
1766219370979,ETH-USDT,2989.0,0,sell
1766219370979,ETH-USDT,2989.1,0,sell
1766219370872,ETH-USDT,2989.22,0,buy
1766219370634,ETH-USDT,2989.19,0,sell
1766219370564,ETH-USDT,2989.19,0,sell
1766219370393,ETH-USDT,2989.19,0,sell
1766219370238,ETH-USDT,2989.35,0,buy
1766219370150,ETH-USDT,2989.35,0,buy
1766219369942,ETH-USDT,2989.3,0,sell
1766219369824,ETH-USDT,2989.35,0,buy
1766219369819,ETH-USDT,2989.3,0,sell
1766219369570,ETH-USDT,2989.3,0,sell
1766219369360,ETH-USDT,2989.35,0,buy
1766219369360,ETH-USDT,2989.33,0,buy
1766219369302,ETH-USDT,2989.3,0,sell
1766219369236,ETH-USDT,2989.31,0,sell
1766219369149,ETH-USDT,2989.32,0,buy
1766219369022,ETH-USDT,2989.31,0,sell
1766219368987,ETH-USDT,2989.32,0,buy
1766219368881,ETH-USDT,2989.32,0,buy
1766219368569,ETH-USDT,2989.31,0,sell
1766219368403,ETH-USDT,2989.32,0,buy
1766219368251,ETH-USDT,2989.31,0,sell
1766219368196,ETH-USDT,2989.32,0,buy
1766219367884,ETH-USDT,2989.32,0,buy
1766219367830,ETH-USDT,2989.32,0,buy
1766219367574,ETH-USDT,2989.31,0,sell
1766219367460,ETH-USDT,2989.32,0,buy
1766219367449,ETH-USDT,2989.32,0,buy
1766219367412,ETH-USDT,2989.32,0,buy
1766219367042,ETH-USDT,2989.31,0,sell
1766219367033,ETH-USDT,2989.32,0,buy
1766219366980,ETH-USDT,2989.31,0,sell
1766219366638,ETH-USDT,2989.31,0,sell
1766219366565,ETH-USDT,2989.31,0,sell
1766219366419,ETH-USDT,2989.32,0,buy
1766219366356,ETH-USDT,2989.31,0,sell
1766219366324,ETH-USDT,2989.32,0,buy
1766219366208,ETH-USDT,2989.31,0,sell
1766219366005,ETH-USDT,2989.32,0,buy
1766219365945,ETH-USDT,2989.32,0,buy
1766219365789,ETH-USDT,2989.32,0,buy
1766219365596,ETH-USDT,2989.32,0,buy
1766219365428,ETH-USDT,2989.32,0,buy
1766219365185,ETH-USDT,2989.32,0,buy
1766219365157,ETH-USDT,2989.31,0,sell
1766219365015,ETH-USDT,2989.32,0,buy
1766219364802,ETH-USDT,2989.32,0,buy
1766219364769,ETH-USDT,2989.31,0,sell
1766219364566,ETH-USDT,2989.31,0,sell
1766219364445,ETH-USDT,2989.31,0,sell
1766219364177,ETH-USDT,2989.32,0,buy
1766219364158,ETH-USDT,2989.31,0,sell
1766219364030,ETH-USDT,2989.31,0,sell
1766219364026,ETH-USDT,2989.31,0,sell
1766219363951,ETH-USDT,2989.32,0,buy
1766219363769,ETH-USDT,2989.31,0,sell
1766219363620,ETH-USDT,2989.31,0,sell
1766219363400,ETH-USDT,2989.32,0,buy
1766219363356,ETH-USDT,2989.32,0,buy
1766219363221,ETH-USDT,2989.32,0,buy
1766219362983,ETH-USDT,2989.31,0,sell
1766219362944,ETH-USDT,2989.32,0,buy
1766219362795,ETH-USDT,2989.31,0,sell
1766219362775,ETH-USDT,2989.31,0,sell
1766219362565,ETH-USDT,2989.32,0,buy
1766219362445,ETH-USDT,2989.31,0,sell
1766219362394,ETH-USDT,2989.32,0,buy
1766219362361,ETH-USDT,2989.31,0,sell
1766219362151,ETH-USDT,2989.32,0,buy
1766219362092,ETH-USDT,2989.31,0,sell
1766219362023,ETH-USDT,2989.31,0,sell
1766219361981,ETH-USDT,2989.31,0,sell
1766219361942,ETH-USDT,2989.32,0,buy
1766219361897,ETH-USDT,2989.32,0,buy
1766219361876,ETH-USDT,2989.31,0,sell
1766219361598,ETH-USDT,2989.31,0,sell
1766219361567,ETH-USDT,2989.31,0,sell
1766219361480,ETH-USDT,2989.32,0,buy
1766219361448,ETH-USDT,2989.31,0,sell
1766219361269,ETH-USDT,2989.32,0,buy
1766219361143,ETH-USDT,2989.32,0,buy
1766219361042,ETH-USDT,2989.32,0,buy
1766219360977,ETH-USDT,2989.31,0,sell
1766219360935,ETH-USDT,2989.31,0,sell
1766219360848,ETH-USDT,2989.32,0,buy
1766219360771,ETH-USDT,2989.32,0,buy
1766219360640,ETH-USDT,2989.32,0,buy
1766219360635,ETH-USDT,2989.32,0,buy
1766219360558,ETH-USDT,2989.31,0,sell
1766219360525,ETH-USDT,2989.32,0,buy
1766219360376,ETH-USDT,2989.31,0,sell
1766219360227,ETH-USDT,2989.31,0,sell
1766219360199,ETH-USDT,2989.32,0,buy
1766219360145,ETH-USDT,2989.32,0,buy
1766219359938,ETH-USDT,2989.31,0,sell
1766219359913,ETH-USDT,2989.32,0,buy
1766219359864,ETH-USDT,2989.32,0,buy
1766219359814,ETH-USDT,2989.31,0,sell
1766219359790,ETH-USDT,2989.31,0,sell
1766219359498,ETH-USDT,2989.31,0,sell
1766219359411,ETH-USDT,2989.31,0,sell
1766219359398,ETH-USDT,2989.32,0,buy
1766219359364,ETH-USDT,2989.32,0,buy
1766219359287,ETH-USDT,2989.31,0,sell
1766219359195,ETH-USDT,2989.32,0,buy
1766219358872,ETH-USDT,2989.31,0,sell
1766219358561,ETH-USDT,2989.32,0,buy
1766219358450,ETH-USDT,2989.31,0,sell
1766219358181,ETH-USDT,2989.32,0,buy
1766219358147,ETH-USDT,2989.32,0,buy
1766219357981,ETH-USDT,2989.32,0,buy
1766219357810,ETH-USDT,2989.32,0,buy
1766219357666,ETH-USDT,2989.32,0,buy
1766219357393,ETH-USDT,2989.32,0,buy
1766219357362,ETH-USDT,2989.32,0,buy
1766219357241,ETH-USDT,2989.32,0,buy
1766219357147,ETH-USDT,2989.31,0,sell
1766219357037,ETH-USDT,2989.31,0,sell
1766219356975,ETH-USDT,2989.31,0,sell
1766219356826,ETH-USDT,2989.31,0,sell
1766219356614,ETH-USDT,2989.32,0,buy
1766219356614,ETH-USDT,2989.31,0,sell
1766219356402,ETH-USDT,2989.32,0,buy
1766219356344,ETH-USDT,2989.31,0,sell
1766219356193,ETH-USDT,2989.31,0,sell
1766219356129,ETH-USDT,2989.32,0,buy
1766219355982,ETH-USDT,2989.31,0,sell
1766219355981,ETH-USDT,2989.31,0,sell
1766219355771,ETH-USDT,2989.32,0,buy
1766219355578,ETH-USDT,2989.32,0,buy
1766219355560,ETH-USDT,2989.32,0,buy
1766219355459,ETH-USDT,2989.31,0,sell
1766219355352,ETH-USDT,2989.31,0,sell
1766219355186,ETH-USDT,2989.31,0,sell
1766219355179,ETH-USDT,2989.32,0,buy
1766219355124,ETH-USDT,2989.32,0,buy
1766219355049,ETH-USDT,2989.31,0,sell
1766219354973,ETH-USDT,2989.31,0,sell
1766219354775,ETH-USDT,2989.31,0,sell
1766219354634,ETH-USDT,2989.31,0,sell
1766219354549,ETH-USDT,2989.32,0,buy
1766219354370,ETH-USDT,2989.31,0,sell
1766219354340,ETH-USDT,2989.31,0,sell
1766219354311,ETH-USDT,2989.32,0,buy
1766219354224,ETH-USDT,2989.31,0,sell
1766219354013,ETH-USDT,2989.31,0,sell
1766219353969,ETH-USDT,2989.32,0,buy
1766219353891,ETH-USDT,2989.32,0,buy
1766219353685,ETH-USDT,2989.31,0,sell
1766219353684,ETH-USDT,2989.31,0,sell
1766219353601,ETH-USDT,2989.32,0,buy
1766219353548,ETH-USDT,2989.32,0,buy
1766219353475,ETH-USDT,2989.32,0,buy
1766219353387,ETH-USDT,2989.31,0,sell
1766219353277,ETH-USDT,2989.31,0,sell
1766219353062,ETH-USDT,2989.31,0,sell
1766219352932,ETH-USDT,2989.31,0,sell
1766219352857,ETH-USDT,2989.32,0,buy
1766219352848,ETH-USDT,2989.32,0,buy
1766219352690,ETH-USDT,2989.31,0,sell
1766219352433,ETH-USDT,2989.32,0,buy
1766219352429,ETH-USDT,2989.32,0,buy
1766219352258,ETH-USDT,2989.32,0,buy
1766219352130,ETH-USDT,2989.32,0,buy
1766219352010,ETH-USDT,2989.32,0,buy
1766219351999,ETH-USDT,2989.32,0,buy
1766219351922,ETH-USDT,2989.32,0,buy
1766219351905,ETH-USDT,2989.32,0,buy
1766219351850,ETH-USDT,2989.31,0,sell
1766219351595,ETH-USDT,2989.32,0,buy
1766219351494,ETH-USDT,2989.32,0,buy
1766219351427,ETH-USDT,2989.31,0,sell
1766219351378,ETH-USDT,2989.32,0,buy
1766219351181,ETH-USDT,2989.32,0,buy
1766219351067,ETH-USDT,2989.32,0,buy
1766219351025,ETH-USDT,2989.31,0,sell
1766219350959,ETH-USDT,2989.32,0,buy
1766219350824,ETH-USDT,2989.32,0,buy
1766219350824,ETH-USDT,2989.32,0,buy
1766219350757,ETH-USDT,2989.32,0,buy
1766219350647,ETH-USDT,2989.31,0,sell
1766219350394,ETH-USDT,2989.32,0,buy
1766219350236,ETH-USDT,2989.31,0,sell
1766219350127,ETH-USDT,2989.32,0,buy
1766219349854,ETH-USDT,2989.32,0,buy
1766219349810,ETH-USDT,2989.32,0,buy
1766219349775,ETH-USDT,2989.31,0,sell
1766219349684,ETH-USDT,2989.32,0,buy
1766219349562,ETH-USDT,2989.3,0,sell
1766219349378,ETH-USDT,2989.32,0,buy
1766219349281,ETH-USDT,2989.3,0,sell
1766219349221,ETH-USDT,2989.3,0,sell
1766219349134,ETH-USDT,2989.17,0,sell
1766219348960,ETH-USDT,2989.32,0,buy
1766219348870,ETH-USDT,2989.32,0,buy
1766219348803,ETH-USDT,2989.17,0,sell
1766219348594,ETH-USDT,2989.19,0,sell
1766219348542,ETH-USDT,2989.2,0,buy
1766219348540,ETH-USDT,2989.2,0,buy
1766219348459,ETH-USDT,2989.19,0,sell
1766219348333,ETH-USDT,2989.2,0,buy
1766219348123,ETH-USDT,2989.19,0,sell
1766219348043,ETH-USDT,2989.2,0,buy
1766219347961,ETH-USDT,2989.2,0,buy
1766219347826,ETH-USDT,2989.2,0,buy
1766219347754,ETH-USDT,2989.19,0,sell
1766219347688,ETH-USDT,2989.2,0,buy
1766219347546,ETH-USDT,2989.19,0,sell
1766219347409,ETH-USDT,2989.19,0,sell
1766219347335,ETH-USDT,2989.2,0,buy
1766219347272,ETH-USDT,2989.19,0,sell
1766219347267,ETH-USDT,2989.19,0,sell
1766219347070,ETH-USDT,2989.19,0,sell
1766219346972,ETH-USDT,2989.2,0,buy
1766219346923,ETH-USDT,2989.19,0,sell
1766219346654,ETH-USDT,2989.2,0,buy
1766219346628,ETH-USDT,2989.2,0,buy
1766219346559,ETH-USDT,2989.19,0,sell
1766219346349,ETH-USDT,2989.19,0,sell
1766219346296,ETH-USDT,2989.19,0,sell
1766219346241,ETH-USDT,2989.2,0,buy
1766219346202,ETH-USDT,2989.2,0,buy
1766219346141,ETH-USDT,2989.2,0,buy
1766219346124,ETH-USDT,2989.2,0,buy
1766219346089,ETH-USDT,2989.19,0,sell
1766219346033,ETH-USDT,2989.19,0,sell
1766219345985,ETH-USDT,2989.19,0,sell
1766219345782,ETH-USDT,2989.2,0,buy
1766219345669,ETH-USDT,2989.2,0,buy
1766219345569,ETH-USDT,2989.2,0,buy
1766219345371,ETH-USDT,2989.19,0,sell
1766219345353,ETH-USDT,2989.2,0,buy
1766219345252,ETH-USDT,2989.19,0,sell
1766219345152,ETH-USDT,2989.19,0,sell
1766219345140,ETH-USDT,2989.2,0,buy
1766219344951,ETH-USDT,2989.2,0,buy
1766219344827,ETH-USDT,2989.19,0,sell
1766219344743,ETH-USDT,2989.19,0,sell
1766219344348,ETH-USDT,2989.2,0,buy
1766219344323,ETH-USDT,2989.19,0,sell
1766219344197,ETH-USDT,2989.19,0,sell
1766219344112,ETH-USDT,2989.19,0,sell
1766219343985,ETH-USDT,2989.19,0,sell
1766219343773,ETH-USDT,2989.2,0,buy
1766219343705,ETH-USDT,2989.2,0,buy
1766219343680,ETH-USDT,2989.2,0,buy
1766219343452,ETH-USDT,2989.1,0,sell
1766219343287,ETH-USDT,2989.2,0,buy
1766219343236,ETH-USDT,2989.2,0,buy
1766219343138,ETH-USDT,2989.1,0,sell
1766219343084,ETH-USDT,2989.14,0,buy
1766219343046,ETH-USDT,2989.14,0,buy
1766219342924,ETH-USDT,2989.14,0,buy
1766219342808,ETH-USDT,2989.14,0,buy
1766219342631,ETH-USDT,2989.12,0,sell
1766219342365,ETH-USDT,2989.13,0,buy
1766219342283,ETH-USDT,2989.12,0,sell
1766219342228,ETH-USDT,2989.12,0,sell
1766219342189,ETH-USDT,2989.12,0,sell
1766219342127,ETH-USDT,2989.13,0,buy
1766219341921,ETH-USDT,2989.13,0,buy
1766219341817,ETH-USDT,2989.13,0,buy
1766219341756,ETH-USDT,2989.12,0,sell
1766219341237,ETH-USDT,2989.12,0,sell
1766219341197,ETH-USDT,2989.12,0,sell
1766219340928,ETH-USDT,2989.13,0,buy
1766219340795,ETH-USDT,2989.13,0,buy
1766219340752,ETH-USDT,2989.12,0,sell
1766219340379,ETH-USDT,2989.13,0,buy
1766219340339,ETH-USDT,2989.12,0,sell
1766219340020,ETH-USDT,2989.12,0,sell
1766219339967,ETH-USDT,2989.12,0,sell
1766219339833,ETH-USDT,2989.13,0,buy
1766219339759,ETH-USDT,2989.13,0,buy
1766219339661,ETH-USDT,2989.12,0,sell
1766219339416,ETH-USDT,2989.13,0,buy
1766219339343,ETH-USDT,2989.13,0,buy
1766219339242,ETH-USDT,2989.12,0,sell
1766219338975,ETH-USDT,2989.13,0,buy
1766219338830,ETH-USDT,2989.12,0,sell
1766219338806,ETH-USDT,2989.12,0,sell
1766219338716,ETH-USDT,2989.13,0,buy
1766219338414,ETH-USDT,2989.13,0,buy
1766219338391,ETH-USDT,2989.12,0,sell
1766219338360,ETH-USDT,2989.13,0,buy
1766219338095,ETH-USDT,2989.12,0,sell
1766219337941,ETH-USDT,2989.12,0,sell
1766219337775,ETH-USDT,2989.13,0,buy
1766219337771,ETH-USDT,2989.12,0,sell
1766219337573,ETH-USDT,2989.12,0,sell
1766219337467,ETH-USDT,2989.13,0,buy
1766219337438,ETH-USDT,2989.12,0,sell
1766219337354,ETH-USDT,2989.13,0,buy
1766219337169,ETH-USDT,2989.13,0,buy
1766219337146,ETH-USDT,2989.12,0,sell
1766219337029,ETH-USDT,2989.12,0,sell
1766219337026,ETH-USDT,2989.12,0,sell
1766219336947,ETH-USDT,2989.12,0,sell
1766219336925,ETH-USDT,2989.13,0,buy
1766219336610,ETH-USDT,2989.12,0,sell
1766219336603,ETH-USDT,2989.13,0,buy
1766219336333,ETH-USDT,2989.12,0,sell
1766219336185,ETH-USDT,2989.13,0,buy
1766219335980,ETH-USDT,2989.13,0,buy
1766219335925,ETH-USDT,2989.12,0,sell
1766219335766,ETH-USDT,2989.12,0,sell
1766219335565,ETH-USDT,2989.13,0,buy
1766219335357,ETH-USDT,2989.12,0,sell
1766219335337,ETH-USDT,2989.12,0,sell
1766219335210,ETH-USDT,2989.12,0,sell
1766219334803,ETH-USDT,2989.13,0,buy
1766219334733,ETH-USDT,2989.13,0,buy
1766219334432,ETH-USDT,2989.13,0,buy
1766219334185,ETH-USDT,2989.13,0,buy
1766219334178,ETH-USDT,2989.12,0,sell
1766219334015,ETH-USDT,2989.13,0,buy
1766219333808,ETH-USDT,2989.12,0,sell
1766219333770,ETH-USDT,2989.13,0,buy
1766219333764,ETH-USDT,2989.13,0,buy
1766219333560,ETH-USDT,2989.12,0,sell
1766219333552,ETH-USDT,2989.12,0,sell
1766219333389,ETH-USDT,2989.12,0,sell
1766219333281,ETH-USDT,2989.13,0,buy
1766219333144,ETH-USDT,2989.13,0,buy
1766219332970,ETH-USDT,2989.13,0,buy
1766219332945,ETH-USDT,2989.12,0,sell
1766219332839,ETH-USDT,2989.12,0,sell
1766219332517,ETH-USDT,2989.13,0,buy
1766219332423,ETH-USDT,2989.12,0,sell
1766219332351,ETH-USDT,2989.12,0,sell
1766219332137,ETH-USDT,2989.13,0,buy
1766219332098,ETH-USDT,2989.13,0,buy
1766219332005,ETH-USDT,2989.13,0,buy
1766219331677,ETH-USDT,2989.12,0,sell
1766219331583,ETH-USDT,2989.12,0,sell
1766219331555,ETH-USDT,2989.13,0,buy
1766219331351,ETH-USDT,2989.12,0,sell
1766219331325,ETH-USDT,2989.13,0,buy
1766219331309,ETH-USDT,2989.12,0,sell
1766219331248,ETH-USDT,2989.12,0,sell
1766219330965,ETH-USDT,2989.12,0,sell
1766219330888,ETH-USDT,2989.12,0,sell
1766219330827,ETH-USDT,2989.13,0,buy
1766219330678,ETH-USDT,2989.12,0,sell
1766219330562,ETH-USDT,2989.14,0,buy
1766219330400,ETH-USDT,2989.14,0,buy
1766219330256,ETH-USDT,2989.12,0,sell
1766219329982,ETH-USDT,2989.12,0,sell
1766219329915,ETH-USDT,2989.12,0,sell
1766219329819,ETH-USDT,2989.15,0,buy
1766219329819,ETH-USDT,2989.13,0,buy
1766219329462,ETH-USDT,2989.15,0,buy
1766219329408,ETH-USDT,2989.15,0,buy
1766219329387,ETH-USDT,2989.15,0,buy
1766219329349,ETH-USDT,2989.15,0,buy
1766219329349,ETH-USDT,2989.14,0,buy
1766219329236,ETH-USDT,2989.08,0,sell
1766219329139,ETH-USDT,2989.08,0,sell
1766219329139,ETH-USDT,2989.12,0,sell
1766219329029,ETH-USDT,2989.14,0,buy
1766219328981,ETH-USDT,2989.14,0,buy
1766219328981,ETH-USDT,2989.13,0,buy
1766219328929,ETH-USDT,2989.12,0,sell
1766219328766,ETH-USDT,2989.12,0,sell
1766219328703,ETH-USDT,2989.13,0,buy
1766219328601,ETH-USDT,2989.13,0,buy
1766219328571,ETH-USDT,2989.12,0,sell
1766219328372,ETH-USDT,2989.12,0,sell
1766219328339,ETH-USDT,2989.13,0,buy
1766219328179,ETH-USDT,2989.13,0,buy
1766219327966,ETH-USDT,2989.13,0,buy
1766219327919,ETH-USDT,2989.12,0,sell
1766219327855,ETH-USDT,2989.12,0,sell
1766219327554,ETH-USDT,2989.14,0,buy
1766219327554,ETH-USDT,2989.13,0,buy
1766219327487,ETH-USDT,2989.13,0,buy
1766219327428,ETH-USDT,2989.13,0,buy
1766219327351,ETH-USDT,2989.13,0,buy
1766219327342,ETH-USDT,2989.13,0,buy
1766219327217,ETH-USDT,2989.13,0,buy
1766219327120,ETH-USDT,2989.12,0,sell
1766219327065,ETH-USDT,2989.12,0,sell
1766219326945,ETH-USDT,2989.13,0,buy
1766219326787,ETH-USDT,2989.13,0,buy
1766219326641,ETH-USDT,2989.13,0,buy
1766219326625,ETH-USDT,2989.13,0,buy
1766219326575,ETH-USDT,2989.13,0,buy
1766219326534,ETH-USDT,2989.12,0,sell
1766219326366,ETH-USDT,2989.13,0,buy
1766219326140,ETH-USDT,2989.12,0,sell
1766219326127,ETH-USDT,2989.12,0,sell
1766219326018,ETH-USDT,2989.13,0,buy
1766219325951,ETH-USDT,2989.12,0,sell
1766219325917,ETH-USDT,2989.12,0,sell
1766219325830,ETH-USDT,2989.12,0,sell
1766219325718,ETH-USDT,2989.12,0,sell
1766219325540,ETH-USDT,2989.12,0,sell
1766219325397,ETH-USDT,2989.12,0,sell
1766219325331,ETH-USDT,2989.13,0,buy
1766219325290,ETH-USDT,2989.12,0,sell
1766219325217,ETH-USDT,2989.13,0,buy
1766219325173,ETH-USDT,2989.13,0,buy
1766219324970,ETH-USDT,2989.12,0,sell
1766219324912,ETH-USDT,2989.12,0,sell
1766219324856,ETH-USDT,2989.13,0,buy
1766219324809,ETH-USDT,2989.13,0,buy
1766219324760,ETH-USDT,2989.13,0,buy
1766219324603,ETH-USDT,2989.12,0,sell
1766219324433,ETH-USDT,2989.13,0,buy
1766219324386,ETH-USDT,2989.12,0,sell
1766219324226,ETH-USDT,2989.12,0,sell
1766219324140,ETH-USDT,2989.12,0,sell
1766219324017,ETH-USDT,2989.12,0,sell
1766219323808,ETH-USDT,2989.12,0,sell
1766219323760,ETH-USDT,2989.12,0,sell
1766219323397,ETH-USDT,2989.13,0,buy
1766219323388,ETH-USDT,2989.12,0,sell
1766219323327,ETH-USDT,2989.12,0,sell
1766219323177,ETH-USDT,2989.13,0,buy
1766219322987,ETH-USDT,2989.12,0,sell
1766219322968,ETH-USDT,2989.13,0,buy
1766219322917,ETH-USDT,2989.13,0,buy
1766219322574,ETH-USDT,2989.12,0,sell
1766219322549,ETH-USDT,2989.12,0,sell
1766219322463,ETH-USDT,2989.12,0,sell
1766219322247,ETH-USDT,2989.12,0,sell
1766219322128,ETH-USDT,2989.13,0,buy
1766219321949,ETH-USDT,2989.13,0,buy
1766219321833,ETH-USDT,2989.12,0,sell
1766219321741,ETH-USDT,2989.13,0,buy
1766219321612,ETH-USDT,2989.12,0,sell
1766219321538,ETH-USDT,2989.13,0,buy
1766219321442,ETH-USDT,2989.12,0,sell
1766219321424,ETH-USDT,2989.13,0,buy
1766219321415,ETH-USDT,2989.12,0,sell
1766219321205,ETH-USDT,2989.12,0,sell
1766219321126,ETH-USDT,2989.12,0,sell
1766219321120,ETH-USDT,2989.13,0,buy
1766219321028,ETH-USDT,2989.13,0,buy
1766219320921,ETH-USDT,2989.12,0,sell
1766219320791,ETH-USDT,2989.12,0,sell
1766219320604,ETH-USDT,2989.13,0,buy
1766219320397,ETH-USDT,2989.13,0,buy
1766219320369,ETH-USDT,2989.12,0,sell
1766219320308,ETH-USDT,2989.13,0,buy
1766219319990,ETH-USDT,2989.12,0,sell
1766219319773,ETH-USDT,2989.12,0,sell
1766219319739,ETH-USDT,2989.12,0,sell
1766219319402,ETH-USDT,2989.13,0,buy
1766219319325,ETH-USDT,2989.13,0,buy
1766219319154,ETH-USDT,2989.13,0,buy
1766219319117,ETH-USDT,2989.12,0,sell
1766219319111,ETH-USDT,2989.13,0,buy
1766219318980,ETH-USDT,2989.12,0,sell
1766219318850,ETH-USDT,2989.12,0,sell
1766219318736,ETH-USDT,2989.13,0,buy
1766219318643,ETH-USDT,2989.13,0,buy
1766219318559,ETH-USDT,2989.13,0,buy
1766219318485,ETH-USDT,2989.13,0,buy
1766219318322,ETH-USDT,2989.0,0,sell
1766219318065,ETH-USDT,2988.91,0,sell
1766219317924,ETH-USDT,2989.05,0,buy
1766219317794,ETH-USDT,2988.91,0,sell
1766219317721,ETH-USDT,2988.94,0,sell
1766219317585,ETH-USDT,2988.95,0,buy
1766219317432,ETH-USDT,2988.95,0,buy
1766219317345,ETH-USDT,2988.95,0,buy
1766219317317,ETH-USDT,2988.94,0,sell
1766219317221,ETH-USDT,2988.94,0,sell
1766219317170,ETH-USDT,2988.95,0,buy
1766219316961,ETH-USDT,2988.94,0,sell
1766219316936,ETH-USDT,2988.95,0,buy
1766219316809,ETH-USDT,2988.94,0,sell
1766219316756,ETH-USDT,2988.95,0,buy
1766219316511,ETH-USDT,2988.95,0,buy
1766219316424,ETH-USDT,2988.95,0,buy
1766219316393,ETH-USDT,2988.95,0,buy
1766219316342,ETH-USDT,2988.94,0,sell
1766219316035,ETH-USDT,2988.95,0,buy
1766219315974,ETH-USDT,2988.95,0,buy
1766219315919,ETH-USDT,2988.94,0,sell
1766219315825,ETH-USDT,2988.95,0,buy
1766219315766,ETH-USDT,2988.94,0,sell
1766219315601,ETH-USDT,2989.27,0,buy
1766219315556,ETH-USDT,2988.94,0,sell
1766219315504,ETH-USDT,2989.27,0,buy
1766219315504,ETH-USDT,2989.25,0,buy
1766219315504,ETH-USDT,2989.2,0,buy
1766219315504,ETH-USDT,2989.15,0,buy
1766219315504,ETH-USDT,2989.13,0,buy
1766219315504,ETH-USDT,2989.1,0,buy
1766219315504,ETH-USDT,2989.04,0,buy
1766219315504,ETH-USDT,2989.03,0,buy
1766219315504,ETH-USDT,2989.02,0,buy
1766219315504,ETH-USDT,2989.0,0,buy
1766219315504,ETH-USDT,2988.95,0,buy
1766219315179,ETH-USDT,2988.95,0,buy
1766219315044,ETH-USDT,2988.94,0,sell
1766219314976,ETH-USDT,2988.94,0,sell
1766219314920,ETH-USDT,2988.94,0,sell
1766219314625,ETH-USDT,2988.95,0,buy
1766219314578,ETH-USDT,2988.94,0,sell
1766219314536,ETH-USDT,2988.95,0,buy
1766219314283,ETH-USDT,2988.95,0,buy
1766219314212,ETH-USDT,2988.95,0,buy
1766219314174,ETH-USDT,2988.95,0,buy
1766219314122,ETH-USDT,2988.95,0,buy
1766219313956,ETH-USDT,2988.94,0,sell
1766219313865,ETH-USDT,2988.95,0,buy
1766219313788,ETH-USDT,2988.94,0,sell
1766219313742,ETH-USDT,2988.94,0,sell
1766219313685,ETH-USDT,2988.94,0,sell
1766219313580,ETH-USDT,2988.94,0,sell
1766219313442,ETH-USDT,2988.94,0,sell
1766219313263,ETH-USDT,2988.94,0,sell
1766219313229,ETH-USDT,2988.94,0,sell
1766219313167,ETH-USDT,2988.94,0,sell
1766219313127,ETH-USDT,2988.94,0,sell
1766219312916,ETH-USDT,2988.95,0,buy
1766219312891,ETH-USDT,2988.94,0,sell
1766219312842,ETH-USDT,2988.95,0,buy
1766219312811,ETH-USDT,2988.94,0,sell
1766219312752,ETH-USDT,2988.94,0,sell
1766219312673,ETH-USDT,2988.95,0,buy
1766219312440,ETH-USDT,2988.95,0,buy
1766219312423,ETH-USDT,2988.95,0,buy
1766219312394,ETH-USDT,2988.94,0,sell
1766219312342,ETH-USDT,2988.95,0,buy
1766219312271,ETH-USDT,2988.95,0,buy
1766219312027,ETH-USDT,2988.94,0,sell
1766219311920,ETH-USDT,2988.95,0,buy
1766219311866,ETH-USDT,2988.94,0,sell
1766219311759,ETH-USDT,2988.94,0,sell
1766219311669,ETH-USDT,2988.94,0,sell
1766219311549,ETH-USDT,2988.95,0,buy
1766219311432,ETH-USDT,2988.95,0,buy
1766219311256,ETH-USDT,2988.95,0,buy
1766219311183,ETH-USDT,2988.95,0,buy
1766219310804,ETH-USDT,2988.95,0,buy
1766219310638,ETH-USDT,2988.94,0,sell
1766219310598,ETH-USDT,2988.95,0,buy
1766219310558,ETH-USDT,2988.94,0,sell
1766219310482,ETH-USDT,2988.94,0,sell
1766219310397,ETH-USDT,2988.94,0,sell
1766219310343,ETH-USDT,2988.94,0,sell
1766219310220,ETH-USDT,2988.95,0,buy
1766219310068,ETH-USDT,2988.95,0,buy
1766219309989,ETH-USDT,2988.95,0,buy
1766219309864,ETH-USDT,2988.94,0,sell
1766219309792,ETH-USDT,2988.94,0,sell
1766219309587,ETH-USDT,2988.95,0,buy
1766219309448,ETH-USDT,2988.94,0,sell
1766219309337,ETH-USDT,2988.95,0,buy
1766219309337,ETH-USDT,2988.95,0,buy
1766219309162,ETH-USDT,2988.95,0,buy
1766219308914,ETH-USDT,2988.94,0,sell
1766219308844,ETH-USDT,2988.95,0,buy
1766219308760,ETH-USDT,2988.95,0,buy
1766219308704,ETH-USDT,2988.94,0,sell
1766219308637,ETH-USDT,2988.95,0,buy
1766219308607,ETH-USDT,2988.94,0,sell
1766219308353,ETH-USDT,2988.95,0,buy
1766219308290,ETH-USDT,2988.94,0,sell
1766219308224,ETH-USDT,2988.95,0,buy
1766219308214,ETH-USDT,2988.95,0,buy
1766219308193,ETH-USDT,2988.94,0,sell
1766219308119,ETH-USDT,2988.95,0,buy
1766219307688,ETH-USDT,2988.95,0,buy
1766219307657,ETH-USDT,2988.94,0,sell
1766219307577,ETH-USDT,2988.94,0,sell
1766219307559,ETH-USDT,2988.95,0,buy
1766219307276,ETH-USDT,2988.94,0,sell
1766219307233,ETH-USDT,2988.95,0,buy
1766219307156,ETH-USDT,2988.94,0,sell
1766219307073,ETH-USDT,2988.95,0,buy
1766219307024,ETH-USDT,2988.94,0,sell
1766219306738,ETH-USDT,2988.95,0,buy
1766219306665,ETH-USDT,2988.94,0,sell
1766219306663,ETH-USDT,2988.95,0,buy
1766219306598,ETH-USDT,2988.95,0,buy
1766219306322,ETH-USDT,2988.95,0,buy
1766219306249,ETH-USDT,2988.94,0,sell
1766219306249,ETH-USDT,2988.94,0,sell
1766219306178,ETH-USDT,2988.95,0,buy
1766219306042,ETH-USDT,2988.95,0,buy
1766219305754,ETH-USDT,2988.94,0,sell
1766219305635,ETH-USDT,2988.94,0,sell
1766219305478,ETH-USDT,2988.95,0,buy
1766219305408,ETH-USDT,2988.95,0,buy
1766219305340,ETH-USDT,2988.95,0,buy
1766219305236,ETH-USDT,2988.95,0,buy
1766219305058,ETH-USDT,2988.94,0,sell
1766219304851,ETH-USDT,2988.95,0,buy
1766219304782,ETH-USDT,2988.95,0,buy
1766219304455,ETH-USDT,2988.94,0,sell
1766219304429,ETH-USDT,2988.94,0,sell
1766219304420,ETH-USDT,2988.95,0,buy
1766219304363,ETH-USDT,2988.94,0,sell
1766219304333,ETH-USDT,2988.94,0,sell
1766219304154,ETH-USDT,2988.95,0,buy
1766219304047,ETH-USDT,2988.95,0,buy
1766219304012,ETH-USDT,2988.95,0,buy
1766219303910,ETH-USDT,2988.94,0,sell
1766219303906,ETH-USDT,2988.94,0,sell
1766219303631,ETH-USDT,2988.94,0,sell
1766219303583,ETH-USDT,2988.95,0,buy
1766219303526,ETH-USDT,2988.95,0,buy
1766219303486,ETH-USDT,2988.94,0,sell
1766219303314,ETH-USDT,2988.95,0,buy
1766219303311,ETH-USDT,2988.94,0,sell
1766219303212,ETH-USDT,2988.94,0,sell
1766219303170,ETH-USDT,2988.94,0,sell
1766219303060,ETH-USDT,2988.95,0,buy
1766219302904,ETH-USDT,2988.95,0,buy
1766219302894,ETH-USDT,2988.94,0,sell
1766219302799,ETH-USDT,2988.95,0,buy
1766219302724,ETH-USDT,2988.95,0,buy
1766219302636,ETH-USDT,2988.95,0,buy
1766219302542,ETH-USDT,2988.95,0,buy
1766219302476,ETH-USDT,2988.95,0,buy
1766219302393,ETH-USDT,2988.95,0,buy
1766219302332,ETH-USDT,2988.94,0,sell
1766219302283,ETH-USDT,2988.94,0,sell
1766219302211,ETH-USDT,2988.95,0,buy
1766219302172,ETH-USDT,2988.94,0,sell
1766219302074,ETH-USDT,2988.95,0,buy
1766219302055,ETH-USDT,2988.94,0,sell
1766219301962,ETH-USDT,2988.95,0,buy
1766219301740,ETH-USDT,2988.95,0,buy
1766219301662,ETH-USDT,2988.94,0,sell
1766219301639,ETH-USDT,2988.95,0,buy
1766219301368,ETH-USDT,2988.95,0,buy
1766219301325,ETH-USDT,2988.95,0,buy
1766219301261,ETH-USDT,2988.94,0,sell
1766219301213,ETH-USDT,2988.95,0,buy
1766219300909,ETH-USDT,2988.94,0,sell
1766219300840,ETH-USDT,2988.95,0,buy
1766219300794,ETH-USDT,2988.94,0,sell
1766219300744,ETH-USDT,2988.95,0,buy
1766219300587,ETH-USDT,2988.95,0,buy
1766219300476,ETH-USDT,2988.94,0,sell
1766219300370,ETH-USDT,2988.94,0,sell
1766219300329,ETH-USDT,2988.95,0,buy
1766219300174,ETH-USDT,2988.94,0,sell
1766219300045,ETH-USDT,2988.94,0,sell
1766219299952,ETH-USDT,2988.95,0,buy
1766219299901,ETH-USDT,2988.95,0,buy
1766219299770,ETH-USDT,2988.95,0,buy
1766219299745,ETH-USDT,2988.95,0,buy
1766219299620,ETH-USDT,2988.95,0,buy
1766219299571,ETH-USDT,2988.94,0,sell
1766219299541,ETH-USDT,2988.94,0,sell
1766219299191,ETH-USDT,2988.94,0,sell
1766219299149,ETH-USDT,2988.94,0,sell
1766219299120,ETH-USDT,2988.95,0,buy
1766219299024,ETH-USDT,2988.95,0,buy
1766219298999,ETH-USDT,2988.95,0,buy
1766219298762,ETH-USDT,2988.95,0,buy
1766219298600,ETH-USDT,2988.95,0,buy
1766219298512,ETH-USDT,2988.94,0,sell
1766219298488,ETH-USDT,2988.94,0,sell
1766219298339,ETH-USDT,2988.95,0,buy
1766219298308,ETH-USDT,2988.94,0,sell
1766219297968,ETH-USDT,2988.95,0,buy
1766219297894,ETH-USDT,2988.95,0,buy
1766219297861,ETH-USDT,2988.7,0,sell
1766219297432,ETH-USDT,2988.7,0,sell
1766219297354,ETH-USDT,2988.95,0,buy
1766219296935,ETH-USDT,2988.74,0,sell
1766219296854,ETH-USDT,2988.74,0,sell
1766219296803,ETH-USDT,2988.75,0,buy
1766219296683,ETH-USDT,2988.74,0,sell
1766219296466,ETH-USDT,2988.75,0,buy
1766219296427,ETH-USDT,2988.75,0,buy
1766219296377,ETH-USDT,2988.75,0,buy
1766219296307,ETH-USDT,2988.74,0,sell
1766219296261,ETH-USDT,2988.75,0,buy
1766219296166,ETH-USDT,2988.75,0,buy
1766219296104,ETH-USDT,2988.75,0,buy
1766219295999,ETH-USDT,2988.75,0,buy
1766219295847,ETH-USDT,2988.75,0,buy
1766219295744,ETH-USDT,2988.75,0,buy
1766219295581,ETH-USDT,2988.74,0,sell
1766219295513,ETH-USDT,2988.75,0,buy
1766219295432,ETH-USDT,2988.75,0,buy
1766219295373,ETH-USDT,2988.74,0,sell
1766219295323,ETH-USDT,2988.75,0,buy
1766219295092,ETH-USDT,2988.75,0,buy
1766219295003,ETH-USDT,2988.74,0,sell
1766219294955,ETH-USDT,2988.74,0,sell
1766219294911,ETH-USDT,2988.74,0,sell
1766219294790,ETH-USDT,2988.75,0,buy
1766219294749,ETH-USDT,2988.75,0,buy
1766219294478,ETH-USDT,2988.75,0,buy
1766219294474,ETH-USDT,2988.75,0,buy
1766219294424,ETH-USDT,2988.75,0,buy
1766219294376,ETH-USDT,2988.74,0,sell
1766219294114,ETH-USDT,2988.74,0,sell
1766219294062,ETH-USDT,2988.74,0,sell
1766219294055,ETH-USDT,2988.75,0,buy
1766219293852,ETH-USDT,2988.75,0,buy
1766219293648,ETH-USDT,2988.74,0,sell
1766219293548,ETH-USDT,2988.75,0,buy
1766219293438,ETH-USDT,2988.74,0,sell
1766219293433,ETH-USDT,2988.75,0,buy
1766219293314,ETH-USDT,2988.74,0,sell
1766219293221,ETH-USDT,2988.75,0,buy
1766219293134,ETH-USDT,2988.0,0,buy
1766219292999,ETH-USDT,2983.55,0,sell
1766219292999,ETH-USDT,2984.0,0,sell
1766219292937,ETH-USDT,2988.75,0,buy
1766219292925,ETH-USDT,2984.0,0,sell
1766219292904,ETH-USDT,2988.75,0,buy
1766219292904,ETH-USDT,2988.0,0,buy
1766219292588,ETH-USDT,2988.0,0,buy
1766219292532,ETH-USDT,2983.55,0,sell
1766219292532,ETH-USDT,2984.0,0,sell
1766219292331,ETH-USDT,2984.0,0,sell
1766219292273,ETH-USDT,2988.75,0,buy
1766219292131,ETH-USDT,2988.31,0,buy
1766219291743,ETH-USDT,2988.31,0,buy
1766219291654,ETH-USDT,2988.31,0,buy
1766219291591,ETH-USDT,2988.31,0,buy
1766219291536,ETH-USDT,2988.31,0,buy
1766219291274,ETH-USDT,2988.3,0,sell
1766219291218,ETH-USDT,2988.3,0,sell
1766219291177,ETH-USDT,2988.3,0,sell
1766219291122,ETH-USDT,2988.3,0,sell
1766219291009,ETH-USDT,2988.3,0,sell
1766219290911,ETH-USDT,2988.31,0,buy
1766219290763,ETH-USDT,2988.31,0,buy
1766219290684,ETH-USDT,2988.31,0,buy
1766219290650,ETH-USDT,2988.31,0,buy
1766219290390,ETH-USDT,2988.31,0,buy
1766219290344,ETH-USDT,2988.3,0,sell
1766219290264,ETH-USDT,2988.31,0,buy
1766219290222,ETH-USDT,2988.31,0,buy
1766219289965,ETH-USDT,2988.31,0,buy
1766219289936,ETH-USDT,2988.31,0,buy
1766219289842,ETH-USDT,2988.3,0,sell
1766219289666,ETH-USDT,2988.3,0,sell
1766219289598,ETH-USDT,2988.31,0,buy
1766219289525,ETH-USDT,2988.3,0,sell
1766219289422,ETH-USDT,2988.31,0,buy
1766219289245,ETH-USDT,2988.31,0,buy
1766219289224,ETH-USDT,2988.31,0,buy
1766219289115,ETH-USDT,2988.31,0,buy
1766219289005,ETH-USDT,2988.31,0,buy
1766219288964,ETH-USDT,2988.31,0,buy
1766219288838,ETH-USDT,2988.31,0,buy
1766219288590,ETH-USDT,2988.3,0,sell
1766219288549,ETH-USDT,2988.31,0,buy
1766219288428,ETH-USDT,2988.31,0,buy
1766219288252,ETH-USDT,2988.3,0,sell
1766219288169,ETH-USDT,2988.31,0,buy
1766219288054,ETH-USDT,2988.31,0,buy
1766219287959,ETH-USDT,2988.31,0,buy
1766219287637,ETH-USDT,2988.3,0,sell
1766219287596,ETH-USDT,2988.3,0,sell
1766219287539,ETH-USDT,2988.31,0,buy
1766219287432,ETH-USDT,2988.31,0,buy
1766219287390,ETH-USDT,2988.31,0,buy
1766219287329,ETH-USDT,2988.3,0,sell
1766219287122,ETH-USDT,2988.3,0,sell
1766219287023,ETH-USDT,2988.31,0,buy
1766219286977,ETH-USDT,2988.31,0,buy
1766219286913,ETH-USDT,2988.31,0,buy
1766219286772,ETH-USDT,2988.3,0,sell
1766219286421,ETH-USDT,2988.3,0,sell
1766219286128,ETH-USDT,2988.31,0,buy
1766219286115,ETH-USDT,2988.31,0,buy
1766219286014,ETH-USDT,2988.3,0,sell
1766219286013,ETH-USDT,2988.31,0,buy
1766219285838,ETH-USDT,2988.31,0,buy
1766219285813,ETH-USDT,2988.3,0,sell
1766219285691,ETH-USDT,2988.31,0,buy
1766219285596,ETH-USDT,2988.31,0,buy
1766219285418,ETH-USDT,2988.3,0,sell
1766219285400,ETH-USDT,2988.3,0,sell
1766219285278,ETH-USDT,2988.3,0,sell
1766219285186,ETH-USDT,2988.31,0,buy
1766219285124,ETH-USDT,2988.31,0,buy
1766219284984,ETH-USDT,2988.31,0,buy
1766219284968,ETH-USDT,2988.3,0,sell
1766219284858,ETH-USDT,2988.31,0,buy
1766219284770,ETH-USDT,2988.31,0,buy
1766219284689,ETH-USDT,2988.3,0,sell
1766219284550,ETH-USDT,2988.31,0,buy
1766219284482,ETH-USDT,2988.3,0,sell
1766219284436,ETH-USDT,2988.3,0,sell
1766219284354,ETH-USDT,2988.31,0,buy
1766219284339,ETH-USDT,2988.31,0,buy
1766219284154,ETH-USDT,2988.3,0,sell
1766219284127,ETH-USDT,2988.31,0,buy
1766219284057,ETH-USDT,2988.3,0,sell
1766219284016,ETH-USDT,2988.3,0,sell
1766219283947,ETH-USDT,2988.31,0,buy
1766219283917,ETH-USDT,2988.31,0,buy
1766219283870,ETH-USDT,2988.31,0,buy
1766219283594,ETH-USDT,2988.31,0,buy
1766219283537,ETH-USDT,2988.3,0,sell
1766219283450,ETH-USDT,2988.31,0,buy
1766219283419,ETH-USDT,2988.31,0,buy
1766219283195,ETH-USDT,2988.3,0,sell
1766219283116,ETH-USDT,2988.31,0,buy
1766219282990,ETH-USDT,2988.3,0,sell
1766219282913,ETH-USDT,2988.31,0,buy
1766219282819,ETH-USDT,2988.3,0,sell
1766219282782,ETH-USDT,2988.31,0,buy
1766219282749,ETH-USDT,2988.3,0,sell
1766219282402,ETH-USDT,2988.31,0,buy
1766219282367,ETH-USDT,2988.3,0,sell
1766219282258,ETH-USDT,2988.31,0,buy
1766219282153,ETH-USDT,2988.31,0,buy
1766219282129,ETH-USDT,2988.31,0,buy
1766219281983,ETH-USDT,2988.31,0,buy
1766219281837,ETH-USDT,2988.3,0,sell
1766219281730,ETH-USDT,2988.31,0,buy
1766219281618,ETH-USDT,2988.31,0,buy
1766219281517,ETH-USDT,2988.3,0,sell
1766219281350,ETH-USDT,2988.31,0,buy
1766219281275,ETH-USDT,2988.31,0,buy
1766219281193,ETH-USDT,2988.31,0,buy
1766219281104,ETH-USDT,2988.31,0,buy
1766219280935,ETH-USDT,2988.3,0,sell
1766219280857,ETH-USDT,2988.3,0,sell
1766219280725,ETH-USDT,2988.31,0,buy
1766219280531,ETH-USDT,2988.31,0,buy
1766219280525,ETH-USDT,2988.31,0,buy
1766219280434,ETH-USDT,2988.31,0,buy
1766219280222,ETH-USDT,2988.3,0,sell
1766219280151,ETH-USDT,2988.31,0,buy
1766219280121,ETH-USDT,2988.31,0,buy
1766219279913,ETH-USDT,2988.3,0,sell
1766219279737,ETH-USDT,2988.31,0,buy
1766219279687,ETH-USDT,2988.3,0,sell
1766219279631,ETH-USDT,2988.31,0,buy
1766219279599,ETH-USDT,2988.31,0,buy
1766219279481,ETH-USDT,2988.31,0,buy
1766219279395,ETH-USDT,2988.3,0,sell
1766219279318,ETH-USDT,2988.31,0,buy
1766219279002,ETH-USDT,2988.31,0,buy
1766219278974,ETH-USDT,2988.3,0,sell
1766219278906,ETH-USDT,2988.31,0,buy
1766219278590,ETH-USDT,2988.31,0,buy
1766219278559,ETH-USDT,2988.3,0,sell
1766219278495,ETH-USDT,2988.3,0,sell
1766219278345,ETH-USDT,2988.31,0,buy
1766219278291,ETH-USDT,2988.31,0,buy
1766219278283,ETH-USDT,2988.3,0,sell
1766219278133,ETH-USDT,2988.3,0,sell
1766219277875,ETH-USDT,2988.31,0,buy
1766219277846,ETH-USDT,2988.3,0,sell
1766219277719,ETH-USDT,2988.3,0,sell
1766219277538,ETH-USDT,2988.31,0,buy
1766219277450,ETH-USDT,2988.3,0,sell
1766219277425,ETH-USDT,2988.31,0,buy
1766219277330,ETH-USDT,2988.31,0,buy
1766219277294,ETH-USDT,2988.31,0,buy
1766219277224,ETH-USDT,2988.3,0,sell
1766219277023,ETH-USDT,2988.3,0,sell
1766219276911,ETH-USDT,2988.3,0,sell
1766219276874,ETH-USDT,2988.3,0,sell
1766219276801,ETH-USDT,2988.3,0,sell
1766219276595,ETH-USDT,2988.3,0,sell
1766219276442,ETH-USDT,2988.3,0,sell
1766219276391,ETH-USDT,2988.31,0,buy
1766219276275,ETH-USDT,2988.3,0,sell
1766219276179,ETH-USDT,2988.31,0,buy
1766219276005,ETH-USDT,2988.31,0,buy
1766219275919,ETH-USDT,2988.3,0,sell
1766219275857,ETH-USDT,2988.3,0,sell
1766219275767,ETH-USDT,2988.3,0,sell
1766219275710,ETH-USDT,2988.31,0,buy
1766219275439,ETH-USDT,2988.29,0,sell
1766219275385,ETH-USDT,2988.29,0,sell
1766219275291,ETH-USDT,2988.29,0,sell
1766219275172,ETH-USDT,2988.29,0,sell
1766219274941,ETH-USDT,2988.2,0,sell
1766219274878,ETH-USDT,2988.31,0,buy
1766219274812,ETH-USDT,2988.2,0,sell
1766219274727,ETH-USDT,2988.21,0,buy
1766219274601,ETH-USDT,2988.21,0,buy
1766219274456,ETH-USDT,2988.21,0,buy
1766219274394,ETH-USDT,2988.21,0,buy
1766219274333,ETH-USDT,2988.21,0,buy
1766219274313,ETH-USDT,2988.2,0,sell
1766219274034,ETH-USDT,2988.21,0,buy
1766219518458,ETH-USDT,2987.5,0,sell
1766219518422,ETH-USDT,2987.5,0,sell
1766219518329,ETH-USDT,2987.51,0,buy
1766219518320,ETH-USDT,2987.5,0,sell
1766219518252,ETH-USDT,2987.51,0,buy
1766219518212,ETH-USDT,2987.51,0,buy
1766219518193,ETH-USDT,2987.5,0,sell
1766219517922,ETH-USDT,2987.51,0,buy
1766219517902,ETH-USDT,2987.51,0,buy
1766219517833,ETH-USDT,2987.5,0,sell
1766219517765,ETH-USDT,2987.5,0,sell
1766219517700,ETH-USDT,2987.51,0,buy
1766219517502,ETH-USDT,2987.51,0,buy
1766219517420,ETH-USDT,2987.51,0,buy
1766219517333,ETH-USDT,2987.5,0,sell
1766219517288,ETH-USDT,2987.5,0,sell
1766219517090,ETH-USDT,2987.5,0,sell
1766219517051,ETH-USDT,2987.5,0,sell
1766219516924,ETH-USDT,2987.5,0,sell
1766219516923,ETH-USDT,2987.51,0,buy
1766219516688,ETH-USDT,2987.5,0,sell
1766219516652,ETH-USDT,2987.51,0,buy
1766219516619,ETH-USDT,2987.5,0,sell
1766219516509,ETH-USDT,2987.5,0,sell
1766219516441,ETH-USDT,2987.5,0,sell
1766219516278,ETH-USDT,2987.5,0,sell
1766219516183,ETH-USDT,2987.5,0,sell
1766219516076,ETH-USDT,2987.51,0,buy
1766219515851,ETH-USDT,2987.51,0,buy
1766219515759,ETH-USDT,2987.5,0,sell
1766219515659,ETH-USDT,2987.51,0,buy
1766219515426,ETH-USDT,2987.5,0,sell
1766219515357,ETH-USDT,2987.51,0,buy
1766219515261,ETH-USDT,2987.5,0,sell
1766219515253,ETH-USDT,2987.51,0,buy
1766219515217,ETH-USDT,2987.5,0,sell
1766219515150,ETH-USDT,2987.51,0,buy
1766219515050,ETH-USDT,2987.5,0,sell
1766219514807,ETH-USDT,2987.51,0,buy
1766219514727,ETH-USDT,2987.5,0,sell
1766219514642,ETH-USDT,2987.51,0,buy
1766219514619,ETH-USDT,2987.51,0,buy
1766219514378,ETH-USDT,2987.51,0,buy
1766219514315,ETH-USDT,2987.51,0,buy
1766219514193,ETH-USDT,2987.51,0,buy
1766219514029,ETH-USDT,2987.5,0,sell
1766219514000,ETH-USDT,2987.5,0,sell
1766219513956,ETH-USDT,2987.51,0,buy
1766219513908,ETH-USDT,2987.5,0,sell
1766219513618,ETH-USDT,2987.51,0,buy
1766219513586,ETH-USDT,2987.51,0,buy
1766219513543,ETH-USDT,2987.5,0,sell
1766219513262,ETH-USDT,2987.51,0,buy
1766219513254,ETH-USDT,2987.5,0,sell
1766219513214,ETH-USDT,2987.51,0,buy
1766219513065,ETH-USDT,2987.5,0,sell
1766219512955,ETH-USDT,2987.5,0,sell
1766219512847,ETH-USDT,2987.5,0,sell
1766219512530,ETH-USDT,2987.51,0,buy
1766219512386,ETH-USDT,2987.5,0,sell
1766219512245,ETH-USDT,2987.5,0,sell
1766219512224,ETH-USDT,2987.51,0,buy
1766219512155,ETH-USDT,2987.5,0,sell
1766219512105,ETH-USDT,2987.5,0,sell
1766219511981,ETH-USDT,2987.51,0,buy
1766219511899,ETH-USDT,2987.5,0,sell
1766219511747,ETH-USDT,2987.51,0,buy
1766219511482,ETH-USDT,2987.51,0,buy
1766219511420,ETH-USDT,2987.5,0,sell
1766219511394,ETH-USDT,2987.5,0,sell
1766219511324,ETH-USDT,2987.51,0,buy
1766219511213,ETH-USDT,2987.51,0,buy
1766219510970,ETH-USDT,2987.5,0,sell
1766219510892,ETH-USDT,2987.5,0,sell
1766219510855,ETH-USDT,2987.5,0,sell
1766219510726,ETH-USDT,2987.51,0,buy
1766219510673,ETH-USDT,2987.51,0,buy
1766219510529,ETH-USDT,2987.5,0,sell
1766219510312,ETH-USDT,2987.51,0,buy
1766219510246,ETH-USDT,2987.5,0,sell
1766219510122,ETH-USDT,2987.51,0,buy
1766219510106,ETH-USDT,2987.5,0,sell
1766219510009,ETH-USDT,2987.51,0,buy
1766219509832,ETH-USDT,2987.51,0,buy
1766219509720,ETH-USDT,2987.51,0,buy
1766219509676,ETH-USDT,2987.51,0,buy
1766219509620,ETH-USDT,2987.5,0,sell
1766219509307,ETH-USDT,2987.5,0,sell
1766219509103,ETH-USDT,2987.5,0,sell
1766219509041,ETH-USDT,2987.51,0,buy
1766219508936,ETH-USDT,2987.5,0,sell
1766219508925,ETH-USDT,2987.51,0,buy
1766219508899,ETH-USDT,2987.5,0,sell
1766219508492,ETH-USDT,2987.51,0,buy
1766219508427,ETH-USDT,2987.5,0,sell
1766219508086,ETH-USDT,2987.51,0,buy
1766219508074,ETH-USDT,2987.5,0,sell
1766219507989,ETH-USDT,2987.51,0,buy
1766219507869,ETH-USDT,2987.51,0,buy
1766219507679,ETH-USDT,2987.5,0,sell
1766219507643,ETH-USDT,2987.51,0,buy
1766219507463,ETH-USDT,2987.5,0,sell
1766219507219,ETH-USDT,2987.5,0,sell
1766219507056,ETH-USDT,2987.5,0,sell
1766219506891,ETH-USDT,2987.5,0,sell
1766219506867,ETH-USDT,2987.51,0,buy
1766219506679,ETH-USDT,2987.5,0,sell
1766219506645,ETH-USDT,2987.5,0,sell
1766219506469,ETH-USDT,2987.5,0,sell
1766219506445,ETH-USDT,2987.5,0,sell
1766219506153,ETH-USDT,2987.51,0,buy
1766219506008,ETH-USDT,2987.51,0,buy
1766219505855,ETH-USDT,2987.51,0,buy
1766219505842,ETH-USDT,2987.5,0,sell
1766219505746,ETH-USDT,2987.5,0,sell
1766219505742,ETH-USDT,2987.51,0,buy
1766219505438,ETH-USDT,2987.5,0,sell
1766219505437,ETH-USDT,2987.51,0,buy
1766219505424,ETH-USDT,2987.51,0,buy
1766219505332,ETH-USDT,2987.5,0,sell
1766219505107,ETH-USDT,2987.51,0,buy
1766219505005,ETH-USDT,2987.5,0,sell
1766219504716,ETH-USDT,2987.51,0,buy
1766219504686,ETH-USDT,2987.5,0,sell
1766219504584,ETH-USDT,2987.5,0,sell
1766219504466,ETH-USDT,2987.51,0,buy
1766219504253,ETH-USDT,2987.5,0,sell
1766219504089,ETH-USDT,2987.51,0,buy
1766219504079,ETH-USDT,2987.51,0,buy
1766219503980,ETH-USDT,2987.5,0,sell
1766219503840,ETH-USDT,2987.5,0,sell
1766219503672,ETH-USDT,2987.5,0,sell
1766219503651,ETH-USDT,2987.51,0,buy
1766219503417,ETH-USDT,2987.5,0,sell
1766219503327,ETH-USDT,2987.5,0,sell
1766219503255,ETH-USDT,2987.5,0,sell
1766219503086,ETH-USDT,2987.51,0,buy
1766219503049,ETH-USDT,2987.51,0,buy
1766219503003,ETH-USDT,2987.51,0,buy
1766219502971,ETH-USDT,2987.51,0,buy
1766219502910,ETH-USDT,2987.5,0,sell
1766219502662,ETH-USDT,2987.51,0,buy
1766219502640,ETH-USDT,2987.51,0,buy
1766219502552,ETH-USDT,2987.51,0,buy
1766219502509,ETH-USDT,2987.51,0,buy
1766219502292,ETH-USDT,2987.5,0,sell
1766219502212,ETH-USDT,2987.51,0,buy
1766219501992,ETH-USDT,2987.51,0,buy
1766219501926,ETH-USDT,2987.51,0,buy
1766219501885,ETH-USDT,2987.5,0,sell
1766219501609,ETH-USDT,2987.51,0,buy
1766219501584,ETH-USDT,2987.5,0,sell
1766219501475,ETH-USDT,2987.5,0,sell
1766219501284,ETH-USDT,2987.51,0,buy
1766219501192,ETH-USDT,2987.51,0,buy
1766219501064,ETH-USDT,2987.51,0,buy
1766219500863,ETH-USDT,2987.5,0,sell
1766219500754,ETH-USDT,2987.51,0,buy
1766219500652,ETH-USDT,2987.5,0,sell
1766219500465,ETH-USDT,2987.51,0,buy
1766219500340,ETH-USDT,2987.51,0,buy
1766219500046,ETH-USDT,2987.51,0,buy
1766219499901,ETH-USDT,2987.5,0,sell
1766219499724,ETH-USDT,2987.51,0,buy
1766219499479,ETH-USDT,2987.51,0,buy
1766219499428,ETH-USDT,2987.5,0,sell
1766219499265,ETH-USDT,2987.51,0,buy
1766219499025,ETH-USDT,2987.55,0,buy
1766219499002,ETH-USDT,2987.5,0,sell
1766219498903,ETH-USDT,2987.55,0,buy
1766219498847,ETH-USDT,2987.55,0,buy
1766219498750,ETH-USDT,2987.5,0,sell
1766219498625,ETH-USDT,2987.5,0,sell
1766219498493,ETH-USDT,2987.5,0,sell
1766219498428,ETH-USDT,2987.57,0,buy
1766219498328,ETH-USDT,2987.57,0,buy
1766219498222,ETH-USDT,2987.56,0,sell
1766219498081,ETH-USDT,2987.65,0,buy
1766219497898,ETH-USDT,2987.65,0,buy
1766219497811,ETH-USDT,2987.65,0,buy
1766219497649,ETH-USDT,2987.56,0,sell
1766219497634,ETH-USDT,2987.65,0,sell
1766219497609,ETH-USDT,2987.66,0,buy
1766219497469,ETH-USDT,2987.65,0,sell
1766219497245,ETH-USDT,2987.66,0,buy
1766219497121,ETH-USDT,2987.65,0,sell
1766219497060,ETH-USDT,2987.65,0,sell
1766219496991,ETH-USDT,2987.65,0,sell
1766219496822,ETH-USDT,2987.65,0,sell
1766219496653,ETH-USDT,2987.66,0,buy
1766219496512,ETH-USDT,2987.66,0,buy
1766219496236,ETH-USDT,2987.65,0,sell
1766219496198,ETH-USDT,2987.66,0,buy
1766219496069,ETH-USDT,2987.66,0,buy
1766219496030,ETH-USDT,2987.65,0,sell
1766219495991,ETH-USDT,2987.65,0,sell
1766219495906,ETH-USDT,2987.66,0,buy
1766219495863,ETH-USDT,2987.66,0,buy
1766219495820,ETH-USDT,2987.66,0,buy
1766219495657,ETH-USDT,2987.66,0,buy
1766219495502,ETH-USDT,2987.65,0,sell
1766219495455,ETH-USDT,2987.66,0,buy
1766219495368,ETH-USDT,2987.65,0,sell
1766219495255,ETH-USDT,2987.66,0,buy
1766219495189,ETH-USDT,2987.66,0,buy
1766219495166,ETH-USDT,2987.65,0,sell
1766219495070,ETH-USDT,2987.65,0,sell
1766219494984,ETH-USDT,2987.66,0,buy
1766219494861,ETH-USDT,2987.65,0,sell
1766219494837,ETH-USDT,2987.66,0,buy
1766219494731,ETH-USDT,2987.66,0,buy
1766219494636,ETH-USDT,2987.65,0,sell
1766219494624,ETH-USDT,2987.66,0,buy
1766219494524,ETH-USDT,2987.66,0,buy
1766219494449,ETH-USDT,2987.66,0,buy
1766219494325,ETH-USDT,2987.66,0,buy
1766219494222,ETH-USDT,2987.66,0,buy
1766219494205,ETH-USDT,2987.65,0,sell
1766219494041,ETH-USDT,2987.66,0,buy
1766219493997,ETH-USDT,2987.65,0,sell
1766219493902,ETH-USDT,2987.66,0,buy
1766219493826,ETH-USDT,2987.65,0,sell
1766219493823,ETH-USDT,2987.66,0,buy
1766219493496,ETH-USDT,2987.66,0,buy
1766219493410,ETH-USDT,2987.66,0,buy
1766219493017,ETH-USDT,2987.65,0,sell
1766219492992,ETH-USDT,2987.66,0,buy
1766219492698,ETH-USDT,2987.65,0,sell
1766219492674,ETH-USDT,2987.65,0,sell
1766219492602,ETH-USDT,2987.65,0,sell
1766219492255,ETH-USDT,2987.65,0,sell
1766219492197,ETH-USDT,2987.65,0,sell
1766219492095,ETH-USDT,2987.66,0,buy
1766219491993,ETH-USDT,2987.66,0,buy
1766219491844,ETH-USDT,2987.66,0,buy
1766219491683,ETH-USDT,2987.66,0,buy
1766219491646,ETH-USDT,2987.65,0,sell
1766219491370,ETH-USDT,2987.66,0,buy
1766219491271,ETH-USDT,2987.66,0,buy
1766219491236,ETH-USDT,2987.66,0,buy
1766219491032,ETH-USDT,2987.65,0,sell
1766219490961,ETH-USDT,2987.66,0,buy
1766219490811,ETH-USDT,2987.66,0,buy
1766219490627,ETH-USDT,2987.65,0,sell
1766219490551,ETH-USDT,2987.66,0,buy
1766219490426,ETH-USDT,2987.66,0,buy
1766219490399,ETH-USDT,2987.66,0,buy
1766219490214,ETH-USDT,2987.65,0,sell
1766219490188,ETH-USDT,2987.65,0,sell
1766219490128,ETH-USDT,2987.65,0,sell
1766219490011,ETH-USDT,2987.66,0,buy
1766219489985,ETH-USDT,2987.66,0,buy
1766219489910,ETH-USDT,2987.66,0,buy
1766219489806,ETH-USDT,2987.66,0,buy
1766219489514,ETH-USDT,2987.65,0,sell
1766219489500,ETH-USDT,2987.66,0,buy
1766219489281,ETH-USDT,2987.66,0,buy
1766219489098,ETH-USDT,2987.66,0,buy
1766219489074,ETH-USDT,2987.65,0,sell
1766219488883,ETH-USDT,2987.66,0,buy
1766219488880,ETH-USDT,2987.66,0,buy
1766219488661,ETH-USDT,2987.66,0,buy
1766219488471,ETH-USDT,2987.66,0,buy
1766219488463,ETH-USDT,2987.66,0,buy
1766219488276,ETH-USDT,2987.66,0,buy
1766219488258,ETH-USDT,2987.65,0,sell
1766219488238,ETH-USDT,2987.65,0,sell
1766219488060,ETH-USDT,2987.7,0,buy
1766219487999,ETH-USDT,2987.65,0,sell
1766219487653,ETH-USDT,2987.65,0,sell
1766219487623,ETH-USDT,2987.77,0,buy
1766219487434,ETH-USDT,2987.65,0,sell
1766219487245,ETH-USDT,2987.65,0,sell
1766219487230,ETH-USDT,2987.76,0,sell
1766219487212,ETH-USDT,2987.76,0,sell
1766219487212,ETH-USDT,2987.85,0,sell
1766219487044,ETH-USDT,2987.85,0,sell
1766219486995,ETH-USDT,2987.86,0,buy
1766219486904,ETH-USDT,2987.86,0,buy
1766219486698,ETH-USDT,2987.85,0,sell
1766219486640,ETH-USDT,2987.86,0,buy
1766219486634,ETH-USDT,2987.85,0,sell
1766219486503,ETH-USDT,2987.85,0,sell
1766219486494,ETH-USDT,2987.85,0,sell
1766219486403,ETH-USDT,2987.86,0,buy
1766219486221,ETH-USDT,2987.85,0,sell
1766219486198,ETH-USDT,2987.85,0,sell
1766219486082,ETH-USDT,2987.86,0,buy
1766219485987,ETH-USDT,2987.86,0,buy
1766219485924,ETH-USDT,2987.86,0,buy
1766219485879,ETH-USDT,2987.86,0,buy
1766219485811,ETH-USDT,2987.86,0,buy
1766219485665,ETH-USDT,2987.86,0,buy
1766219485607,ETH-USDT,2987.85,0,sell
1766219485451,ETH-USDT,2987.85,0,sell
1766219485267,ETH-USDT,2987.85,0,sell
1766219485247,ETH-USDT,2987.85,0,sell
1766219485192,ETH-USDT,2987.85,0,sell
1766219484988,ETH-USDT,2987.86,0,buy
1766219484854,ETH-USDT,2987.86,0,buy
1766219484815,ETH-USDT,2987.85,0,sell
1766219484598,ETH-USDT,2987.85,0,sell
1766219484488,ETH-USDT,2987.85,0,sell
1766219484441,ETH-USDT,2987.86,0,buy
1766219484394,ETH-USDT,2987.85,0,sell
1766219484272,ETH-USDT,2987.86,0,buy
1766219483860,ETH-USDT,2987.86,0,buy
1766219483839,ETH-USDT,2987.86,0,buy
1766219483734,ETH-USDT,2987.85,0,sell
1766219483656,ETH-USDT,2987.86,0,buy
1766219483471,ETH-USDT,2987.86,0,buy
1766219483423,ETH-USDT,2987.85,0,sell
1766219483105,ETH-USDT,2987.88,0,buy
1766219483102,ETH-USDT,2987.85,0,sell
1766219483068,ETH-USDT,2987.85,0,sell
1766219483031,ETH-USDT,2987.85,0,sell
1766219482819,ETH-USDT,2987.88,0,buy
1766219482677,ETH-USDT,2987.88,0,buy
1766219482658,ETH-USDT,2987.85,0,sell
1766219482608,ETH-USDT,2987.85,0,sell
1766219482524,ETH-USDT,2987.94,0,buy
1766219482516,ETH-USDT,2987.85,0,sell
1766219482485,ETH-USDT,2987.94,0,buy
1766219482403,ETH-USDT,2987.85,0,sell
1766219482267,ETH-USDT,2987.94,0,buy
1766219482241,ETH-USDT,2987.9,0,sell
1766219482193,ETH-USDT,2987.96,0,buy
1766219482109,ETH-USDT,2987.96,0,buy
1766219482071,ETH-USDT,2987.96,0,buy
1766219482036,ETH-USDT,2987.9,0,sell
1766219481981,ETH-USDT,2987.96,0,buy
1766219481854,ETH-USDT,2987.96,0,buy
1766219481691,ETH-USDT,2987.9,0,sell
1766219481691,ETH-USDT,2987.94,0,sell
1766219481658,ETH-USDT,2987.96,0,buy
1766219481634,ETH-USDT,2988.0,0,sell
1766219481626,ETH-USDT,2988.0,0,sell
1766219481227,ETH-USDT,2988.0,0,sell
1766219481227,ETH-USDT,2988.0,0,sell
1766219481223,ETH-USDT,2988.0,0,sell
1766219481074,ETH-USDT,2988.01,0,buy
1766219480807,ETH-USDT,2988.0,0,sell
1766219480726,ETH-USDT,2988.01,0,buy
1766219480664,ETH-USDT,2988.0,0,sell
1766219480621,ETH-USDT,2988.01,0,buy
1766219480398,ETH-USDT,2988.0,0,sell
1766219480317,ETH-USDT,2988.0,0,sell
1766219480256,ETH-USDT,2988.0,0,sell
1766219480215,ETH-USDT,2988.01,0,buy
1766219480112,ETH-USDT,2988.01,0,buy
1766219480049,ETH-USDT,2988.0,0,sell
1766219479981,ETH-USDT,2988.0,0,sell
1766219479813,ETH-USDT,2988.0,0,sell
1766219479637,ETH-USDT,2988.01,0,buy
1766219479441,ETH-USDT,2988.01,0,buy
1766219479238,ETH-USDT,2988.01,0,buy
1766219479209,ETH-USDT,2988.0,0,sell
1766219479073,ETH-USDT,2988.01,0,buy
1766219479034,ETH-USDT,2988.0,0,sell
1766219479023,ETH-USDT,2988.0,0,sell
1766219478924,ETH-USDT,2988.01,0,buy
1766219478666,ETH-USDT,2988.01,0,buy
1766219478621,ETH-USDT,2988.0,0,sell
1766219478612,ETH-USDT,2988.01,0,buy
1766219478198,ETH-USDT,2988.0,0,sell
1766219478195,ETH-USDT,2988.01,0,buy
1766219478042,ETH-USDT,2988.0,0,sell
1766219477699,ETH-USDT,2988.01,0,buy
1766219477613,ETH-USDT,2988.01,0,buy
1766219477395,ETH-USDT,2988.0,0,sell
1766219477270,ETH-USDT,2988.01,0,buy
1766219477196,ETH-USDT,2988.15,0,buy
1766219477067,ETH-USDT,2988.0,0,sell
1766219477012,ETH-USDT,2988.15,0,buy
1766219476876,ETH-USDT,2988.0,0,sell
1766219476637,ETH-USDT,2988.0,0,sell
1766219476602,ETH-USDT,2988.1,0,sell
1766219476462,ETH-USDT,2988.1,0,sell
1766219476260,ETH-USDT,2988.1,0,sell
1766219476185,ETH-USDT,2988.26,0,buy
1766219475983,ETH-USDT,2988.1,0,sell
1766219475830,ETH-USDT,2988.1,0,sell
1766219475830,ETH-USDT,2988.16,0,sell
1766219475725,ETH-USDT,2988.26,0,buy
1766219475634,ETH-USDT,2988.25,0,sell
1766219475630,ETH-USDT,2988.26,0,buy
1766219475609,ETH-USDT,2988.26,0,buy
1766219475441,ETH-USDT,2988.26,0,buy
1766219475406,ETH-USDT,2988.25,0,sell
1766219475242,ETH-USDT,2988.25,0,sell
1766219475010,ETH-USDT,2988.25,0,sell
1766219474483,ETH-USDT,2988.5,0,buy
1766219474278,ETH-USDT,2988.25,0,sell
1766219474023,ETH-USDT,2988.51,0,buy
1766219473969,ETH-USDT,2988.45,0,sell
1766219473872,ETH-USDT,2988.45,0,sell
1766219473634,ETH-USDT,2988.53,0,sell
1766219473609,ETH-USDT,2988.53,0,sell
1766219473516,ETH-USDT,2988.54,0,buy
1766219473447,ETH-USDT,2988.54,0,buy
1766219473393,ETH-USDT,2988.53,0,sell
1766219473258,ETH-USDT,2988.54,0,buy
1766219473054,ETH-USDT,2988.53,0,sell
1766219473054,ETH-USDT,2988.54,0,buy
1766219472898,ETH-USDT,2988.53,0,sell
1766219472826,ETH-USDT,2988.54,0,buy
1766219472782,ETH-USDT,2988.53,0,sell
1766219472652,ETH-USDT,2988.53,0,sell
1766219472610,ETH-USDT,2988.54,0,buy
1766219472493,ETH-USDT,2988.54,0,buy
1766219472446,ETH-USDT,2988.54,0,buy
1766219472304,ETH-USDT,2988.53,0,sell
1766219472198,ETH-USDT,2988.38,0,sell
1766219472023,ETH-USDT,2988.38,0,sell
1766219471972,ETH-USDT,2988.38,0,sell
1766219471881,ETH-USDT,2988.38,0,sell
1766219471875,ETH-USDT,2988.38,0,sell
1766219471661,ETH-USDT,2988.54,0,buy
1766219471608,ETH-USDT,2988.4,0,buy
1766219471552,ETH-USDT,2988.4,0,buy
1766219471471,ETH-USDT,2988.35,0,sell
1766219471252,ETH-USDT,2988.4,0,buy
1766219471187,ETH-USDT,2988.38,0,sell
1766219471130,ETH-USDT,2988.38,0,sell
1766219471059,ETH-USDT,2988.39,0,buy
1766219470729,ETH-USDT,2988.39,0,buy
1766219470653,ETH-USDT,2988.38,0,sell
1766219470571,ETH-USDT,2988.38,0,sell
1766219470436,ETH-USDT,2988.39,0,buy
1766219470404,ETH-USDT,2988.38,0,sell
1766219470220,ETH-USDT,2988.38,0,sell
1766219470155,ETH-USDT,2988.39,0,buy
1766219470117,ETH-USDT,2988.39,0,buy
1766219469912,ETH-USDT,2988.39,0,buy
1766219469884,ETH-USDT,2988.39,0,buy
1766219469817,ETH-USDT,2988.39,0,buy
1766219469739,ETH-USDT,2988.39,0,buy
1766219469724,ETH-USDT,2988.39,0,buy
1766219469691,ETH-USDT,2988.39,0,buy
1766219469614,ETH-USDT,2988.39,0,buy
1766219469484,ETH-USDT,2988.38,0,sell
1766219469283,ETH-USDT,2988.38,0,sell
1766219469278,ETH-USDT,2988.38,0,sell
1766219469264,ETH-USDT,2988.39,0,buy
1766219469200,ETH-USDT,2988.38,0,sell
1766219469113,ETH-USDT,2988.39,0,buy
1766219468855,ETH-USDT,2988.38,0,sell
1766219468705,ETH-USDT,2988.38,0,sell
1766219468656,ETH-USDT,2988.38,0,sell
1766219468420,ETH-USDT,2988.39,0,buy
1766219468302,ETH-USDT,2988.38,0,sell
1766219468219,ETH-USDT,2988.39,0,buy
1766219468217,ETH-USDT,2988.39,0,buy
1766219468042,ETH-USDT,2988.38,0,sell
1766219467895,ETH-USDT,2988.38,0,sell
1766219467894,ETH-USDT,2988.39,0,buy
1766219467824,ETH-USDT,2988.39,0,buy
1766219467607,ETH-USDT,2988.38,0,sell
1766219467484,ETH-USDT,2988.38,0,sell
1766219467475,ETH-USDT,2988.39,0,buy
1766219467419,ETH-USDT,2988.38,0,sell
1766219467396,ETH-USDT,2988.39,0,buy
1766219467057,ETH-USDT,2988.39,0,buy
1766219466992,ETH-USDT,2988.38,0,sell
1766219466991,ETH-USDT,2988.39,0,buy
1766219466838,ETH-USDT,2988.38,0,sell
1766219466635,ETH-USDT,2988.39,0,buy
1766219466606,ETH-USDT,2988.39,0,buy
1766219466432,ETH-USDT,2988.38,0,sell
1766219466233,ETH-USDT,2988.39,0,buy
1766219466196,ETH-USDT,2988.38,0,sell
1766219466195,ETH-USDT,2988.38,0,sell
1766219466016,ETH-USDT,2988.39,0,buy
1766219465983,ETH-USDT,2988.38,0,sell
1766219465909,ETH-USDT,2988.38,0,sell
1766219465804,ETH-USDT,2988.38,0,sell
1766219465775,ETH-USDT,2988.38,0,sell
1766219465700,ETH-USDT,2988.39,0,buy
1766219465607,ETH-USDT,2988.39,0,buy
1766219465356,ETH-USDT,2988.39,0,buy
1766219465295,ETH-USDT,2988.39,0,buy
1766219465200,ETH-USDT,2988.38,0,sell
1766219465184,ETH-USDT,2988.39,0,buy
1766219464879,ETH-USDT,2988.38,0,sell
1766219464863,ETH-USDT,2988.38,0,sell
1766219464824,ETH-USDT,2988.39,0,buy
1766219464656,ETH-USDT,2988.39,0,buy
1766219464601,ETH-USDT,2988.38,0,sell
1766219464457,ETH-USDT,2988.38,0,sell
1766219464393,ETH-USDT,2988.39,0,buy
1766219464234,ETH-USDT,2988.35,0,sell
1766219464189,ETH-USDT,2988.35,0,sell
1766219464032,ETH-USDT,2988.35,0,sell
1766219463820,ETH-USDT,2988.39,0,buy
1766219463772,ETH-USDT,2988.35,0,sell
1766219463517,ETH-USDT,2988.2,0,sell
1766219463425,ETH-USDT,2988.39,0,buy
1766219463369,ETH-USDT,2988.2,0,sell
1766219463267,ETH-USDT,2988.2,0,sell
1766219463166,ETH-USDT,2988.2,0,sell
1766219463095,ETH-USDT,2988.21,0,buy
1766219463059,ETH-USDT,2988.2,0,sell
1766219463003,ETH-USDT,2988.21,0,buy
1766219462964,ETH-USDT,2988.2,0,sell
1766219462678,ETH-USDT,2988.2,0,sell
1766219462651,ETH-USDT,2988.2,0,sell
1766219462589,ETH-USDT,2988.2,0,sell
1766219462493,ETH-USDT,2988.21,0,buy
1766219462264,ETH-USDT,2988.21,0,buy
1766219462245,ETH-USDT,2988.2,0,sell
1766219462177,ETH-USDT,2988.2,0,sell
1766219462071,ETH-USDT,2988.2,0,sell
1766219462041,ETH-USDT,2988.2,0,sell
1766219461904,ETH-USDT,2988.2,0,sell
1766219461847,ETH-USDT,2988.2,0,sell
1766219461834,ETH-USDT,2988.21,0,buy
1766219461659,ETH-USDT,2988.2,0,sell
1766219461499,ETH-USDT,2988.21,0,buy
1766219461424,ETH-USDT,2988.21,0,buy
1766219461228,ETH-USDT,2988.2,0,sell
1766219461222,ETH-USDT,2988.21,0,buy
1766219461089,ETH-USDT,2988.21,0,buy
1766219461043,ETH-USDT,2988.2,0,sell
1766219461024,ETH-USDT,2988.2,0,sell
1766219460684,ETH-USDT,2988.21,0,buy
1766219460634,ETH-USDT,2988.21,0,buy
1766219460609,ETH-USDT,2988.2,0,sell
1766219460424,ETH-USDT,2988.21,0,buy
1766219460222,ETH-USDT,2988.34,0,buy
1766219460195,ETH-USDT,2988.34,0,buy
1766219459958,ETH-USDT,2988.2,0,sell
1766219459837,ETH-USDT,2988.34,0,buy
1766219459642,ETH-USDT,2988.34,0,buy
1766219459631,ETH-USDT,2988.3,0,sell
1766219459601,ETH-USDT,2988.3,0,sell
1766219459226,ETH-USDT,2988.45,0,sell
1766219459213,ETH-USDT,2988.45,0,sell
1766219459191,ETH-USDT,2988.56,0,buy
1766219459070,ETH-USDT,2988.45,0,sell
1766219459019,ETH-USDT,2988.45,0,sell
1766219458760,ETH-USDT,2988.56,0,buy
1766219458743,ETH-USDT,2988.45,0,sell
1766219458666,ETH-USDT,2988.45,0,sell
1766219458602,ETH-USDT,2988.56,0,buy
1766219458460,ETH-USDT,2988.56,0,buy
1766219458343,ETH-USDT,2988.55,0,sell
1766219458275,ETH-USDT,2988.55,0,sell
1766219458232,ETH-USDT,2988.55,0,sell
1766219458174,ETH-USDT,2988.66,0,buy
1766219458142,ETH-USDT,2988.55,0,sell
1766219457938,ETH-USDT,2988.66,0,buy
1766219457860,ETH-USDT,2988.55,0,sell
1766219457813,ETH-USDT,2988.66,0,buy
1766219457635,ETH-USDT,2988.65,0,sell
1766219457532,ETH-USDT,2988.65,0,sell
1766219457408,ETH-USDT,2988.66,0,buy
1766219457379,ETH-USDT,2988.65,0,sell
1766219457099,ETH-USDT,2988.66,0,buy
1766219457027,ETH-USDT,2988.65,0,sell
1766219456986,ETH-USDT,2988.66,0,buy
1766219456785,ETH-USDT,2988.65,0,sell
1766219456691,ETH-USDT,2988.66,0,buy
1766219456668,ETH-USDT,2988.65,0,sell
1766219456622,ETH-USDT,2988.65,0,sell
1766219456483,ETH-USDT,2988.66,0,buy
1766219456466,ETH-USDT,2988.66,0,buy
1766219456281,ETH-USDT,2988.66,0,buy
1766219456223,ETH-USDT,2988.65,0,sell
1766219456168,ETH-USDT,2988.66,0,buy
1766219456064,ETH-USDT,2988.65,0,sell
1766219455854,ETH-USDT,2988.66,0,buy
1766219455821,ETH-USDT,2988.65,0,sell
1766219455657,ETH-USDT,2988.66,0,buy
1766219455624,ETH-USDT,2988.66,0,buy
1766219455620,ETH-USDT,2988.65,0,sell
1766219455283,ETH-USDT,2988.65,0,sell
1766219455213,ETH-USDT,2988.65,0,sell
1766219455188,ETH-USDT,2988.65,0,sell
1766219455040,ETH-USDT,2988.66,0,buy
1766219454877,ETH-USDT,2988.65,0,sell
1766219454793,ETH-USDT,2988.65,0,sell
1766219454635,ETH-USDT,2988.65,0,sell
1766219454590,ETH-USDT,2988.65,0,sell
1766219454461,ETH-USDT,2988.65,0,sell
1766219454228,ETH-USDT,2988.66,0,buy
1766219454183,ETH-USDT,2988.65,0,sell
1766219454181,ETH-USDT,2988.66,0,buy
1766219454052,ETH-USDT,2988.66,0,buy
1766219453801,ETH-USDT,2988.65,0,sell
1766219453772,ETH-USDT,2988.66,0,buy
1766219453632,ETH-USDT,2988.66,0,buy
1766219453383,ETH-USDT,2988.66,0,buy
1766219453150,ETH-USDT,2988.65,0,sell
1766219453018,ETH-USDT,2988.66,0,buy
1766219452817,ETH-USDT,2988.66,0,buy
1766219452750,ETH-USDT,2988.66,0,buy
1766219452724,ETH-USDT,2988.66,0,buy
1766219452609,ETH-USDT,2988.65,0,sell
1766219452352,ETH-USDT,2988.65,0,sell
1766219452303,ETH-USDT,2988.65,0,sell
1766219452288,ETH-USDT,2988.66,0,buy
1766219452185,ETH-USDT,2988.86,0,buy
1766219452139,ETH-USDT,2988.86,0,buy
1766219452124,ETH-USDT,2988.86,0,buy
1766219451884,ETH-USDT,2988.65,0,sell
1766219451878,ETH-USDT,2988.86,0,buy
1766219451668,ETH-USDT,2988.65,0,sell
1766219451532,ETH-USDT,2988.85,0,sell
1766219451438,ETH-USDT,2988.89,0,buy
1766219451052,ETH-USDT,2988.86,0,sell
1766219451015,ETH-USDT,2988.86,0,sell
1766219451006,ETH-USDT,2988.86,0,sell
1766219450984,ETH-USDT,2988.87,0,buy
1766219450803,ETH-USDT,2988.86,0,sell
1766219450639,ETH-USDT,2988.87,0,buy
1766219450609,ETH-USDT,2988.86,0,sell
1766219450222,ETH-USDT,2988.87,0,buy
1766219450022,ETH-USDT,2988.86,0,sell
1766219449997,ETH-USDT,2988.86,0,sell
1766219449961,ETH-USDT,2988.87,0,buy
1766219449662,ETH-USDT,2988.86,0,sell
1766219449482,ETH-USDT,2988.86,0,sell
1766219449446,ETH-USDT,2988.87,0,buy
1766219449407,ETH-USDT,2988.87,0,buy
1766219449393,ETH-USDT,2988.87,0,buy
1766219449209,ETH-USDT,2988.86,0,sell
1766219449067,ETH-USDT,2988.86,0,sell
1766219449023,ETH-USDT,2988.87,0,buy
1766219448863,ETH-USDT,2988.87,0,buy
1766219448601,ETH-USDT,2988.86,0,sell
1766219448579,ETH-USDT,2988.87,0,buy
1766219448446,ETH-USDT,2988.87,0,buy
1766219448395,ETH-USDT,2988.86,0,sell
1766219448287,ETH-USDT,2988.87,0,buy
1766219448186,ETH-USDT,2988.86,0,sell
1766219448033,ETH-USDT,2988.86,0,sell
1766219447968,ETH-USDT,2988.87,0,buy
1766219447868,ETH-USDT,2988.86,0,sell
1766219447763,ETH-USDT,2988.86,0,sell
1766219447621,ETH-USDT,2988.87,0,buy
1766219447449,ETH-USDT,2988.87,0,buy
1766219447424,ETH-USDT,2988.87,0,buy
1766219447291,ETH-USDT,2988.87,0,buy
1766219447198,ETH-USDT,2988.86,0,sell
1766219447013,ETH-USDT,2988.86,0,sell
1766219446869,ETH-USDT,2988.87,0,buy
1766219446794,ETH-USDT,2988.86,0,sell
1766219446599,ETH-USDT,2988.86,0,sell
1766219446596,ETH-USDT,2988.87,0,buy
1766219446449,ETH-USDT,2988.86,0,sell
1766219446372,ETH-USDT,2988.86,0,sell
1766219446195,ETH-USDT,2988.86,0,sell
1766219446014,ETH-USDT,2988.87,0,buy
1766219445786,ETH-USDT,2988.87,0,buy
1766219445763,ETH-USDT,2988.87,0,buy
