timestamp,symbol,price,size,side
1766134867635,ETH-USDT,2951.4,0,sell
1766134865524,ETH-USDT,2951.85,0,buy
1766134861223,ETH-USDT,2951.51,0,buy
1766134856523,ETH-USDT,2951.75,0,buy
1766134853223,ETH-USDT,2951.65,0,buy
1766134850635,ETH-USDT,2951.56,0,buy
1766134849523,ETH-USDT,2951.43,0,buy
1766134843625,ETH-USDT,2951.8,0,buy
1766134839624,ETH-USDT,2951.8,0,buy
1766134837242,ETH-USDT,2951.67,0,buy
1766134834723,ETH-USDT,2951.76,0,buy
1766134834723,ETH-USDT,2951.59,0,buy
1766134834723,ETH-USDT,2951.5,0,buy
1766134834723,ETH-USDT,2951.48,0,buy
1766134829123,ETH-USDT,2950.3,0,buy
1766134828253,ETH-USDT,2950.29,0,sell
1766134828237,ETH-USDT,2950.23,0,sell
1766134828223,ETH-USDT,2950.23,0,sell
1766134826635,ETH-USDT,2950.0,0,buy
1766134825635,ETH-USDT,2949.97,0,buy
1766134825372,ETH-USDT,2949.97,0,buy
1766134825323,ETH-USDT,2949.97,0,buy
1766134824599,ETH-USDT,2950.05,0,buy
1766134824536,ETH-USDT,2950.05,0,buy
1766134824242,ETH-USDT,2949.97,0,sell
1766134824023,ETH-USDT,2950.05,0,buy
1766134823807,ETH-USDT,2950.05,0,buy
1766134823807,ETH-USDT,2950.0,0,buy
1766134823242,ETH-USDT,2949.98,0,sell
1766134822242,ETH-USDT,2949.99,0,sell
1766134821635,ETH-USDT,2950.0,0,sell
1766134821242,ETH-USDT,2950.0,0,sell
1766134821242,ETH-USDT,2950.02,0,sell
1766134821242,ETH-USDT,2950.03,0,sell
1766134821242,ETH-USDT,2950.07,0,sell
1766134821242,ETH-USDT,2950.14,0,sell
1766134821242,ETH-USDT,2950.17,0,sell
1766134821242,ETH-USDT,2950.18,0,sell
1766134821242,ETH-USDT,2950.19,0,sell
1766134821242,ETH-USDT,2950.2,0,sell
1766134821242,ETH-USDT,2950.24,0,sell
1766134821242,ETH-USDT,2950.37,0,sell
1766134821242,ETH-USDT,2950.58,0,sell
1766134821242,ETH-USDT,2951.2,0,sell
1766134821242,ETH-USDT,2951.23,0,sell
1766134821242,ETH-USDT,2951.34,0,sell
1766134821242,ETH-USDT,2952.0,0,sell
1766134821159,ETH-USDT,2957.03,0,buy
1766134821152,ETH-USDT,2957.03,0,buy
1766134821138,ETH-USDT,2957.03,0,buy
1766134821138,ETH-USDT,2956.93,0,buy
1766134821138,ETH-USDT,2956.89,0,buy
1766134821138,ETH-USDT,2956.8,0,buy
1766134821138,ETH-USDT,2956.71,0,buy
1766134821138,ETH-USDT,2956.52,0,buy
1766134821138,ETH-USDT,2956.0,0,buy
1766134821138,ETH-USDT,2955.88,0,buy
1766134821138,ETH-USDT,2955.81,0,buy
1766134819724,ETH-USDT,2950.26,0,buy
1766134819723,ETH-USDT,2950.26,0,buy
1766134818937,ETH-USDT,2950.26,0,buy
1766134818935,ETH-USDT,2950.26,0,buy
1766134817199,ETH-USDT,2950.26,0,buy
1766134816600,ETH-USDT,2950.26,0,buy
1766134816100,ETH-USDT,2950.35,0,buy
1766134816082,ETH-USDT,2950.2,0,sell
1766134816065,ETH-USDT,2950.2,0,sell
1766134816065,ETH-USDT,2950.24,0,sell
1766134816065,ETH-USDT,2950.25,0,sell
1766134816059,ETH-USDT,2950.25,0,sell
1766134816037,ETH-USDT,2950.25,0,sell
1766134816037,ETH-USDT,2950.27,0,sell
1766134816037,ETH-USDT,2950.34,0,sell
1766134815778,ETH-USDT,2950.35,0,buy
1766134815635,ETH-USDT,2950.37,0,sell
1766134815635,ETH-USDT,2950.4,0,sell
1766134815635,ETH-USDT,2950.5,0,sell
1766134815635,ETH-USDT,2950.52,0,sell
1766134815023,ETH-USDT,2950.61,0,buy
1766134815000,ETH-USDT,2950.61,0,buy
1766134814924,ETH-USDT,2950.61,0,buy
1766134814635,ETH-USDT,2950.65,0,sell
1766134813635,ETH-USDT,2950.7,0,sell
1766134813635,ETH-USDT,2950.8,0,sell
1766134813635,ETH-USDT,2950.94,0,sell
1766134813336,ETH-USDT,2950.98,0,buy
1766134813324,ETH-USDT,2950.98,0,buy
1766134813324,ETH-USDT,2950.95,0,buy
1766134812533,ETH-USDT,2950.6,0,buy
1766134812242,ETH-USDT,2950.6,0,buy
1766134811635,ETH-USDT,2950.58,0,sell
1766134811623,ETH-USDT,2950.66,0,buy
1766134810923,ETH-USDT,2950.66,0,buy
1766134810635,ETH-USDT,2950.65,0,sell
1766134810124,ETH-USDT,2950.85,0,buy
1766134810003,ETH-USDT,2950.85,0,buy
1766134810001,ETH-USDT,2950.85,0,buy
1766134809979,ETH-USDT,2950.85,0,buy
1766134809979,ETH-USDT,2950.75,0,buy
1766134809635,ETH-USDT,2950.75,0,sell
1766134809635,ETH-USDT,2950.99,0,sell
1766134809376,ETH-USDT,2951.0,0,buy
1766134808223,ETH-USDT,2951.0,0,buy
1766134807811,ETH-USDT,2951.0,0,buy
1766134806242,ETH-USDT,2950.6,0,buy
1766134806242,ETH-USDT,2950.6,0,buy
1766134806177,ETH-USDT,2950.6,0,buy
1766134805635,ETH-USDT,2950.61,0,sell
1766134805324,ETH-USDT,2950.7,0,buy
1766134804920,ETH-USDT,2950.65,0,sell
1766134804918,ETH-USDT,2950.65,0,sell
1766134804907,ETH-USDT,2950.65,0,sell
1766134804894,ETH-USDT,2950.65,0,sell
1766134804894,ETH-USDT,2950.66,0,sell
1766134804894,ETH-USDT,2950.67,0,sell
1766134804894,ETH-USDT,2950.72,0,sell
1766134804894,ETH-USDT,2950.75,0,sell
1766134804577,ETH-USDT,2950.85,0,buy
1766134804242,ETH-USDT,2950.77,0,sell
1766134803635,ETH-USDT,2950.82,0,sell
1766134803242,ETH-USDT,2950.85,0,sell
1766134802928,ETH-USDT,2951.04,0,buy
1766134802523,ETH-USDT,2950.9,0,buy
1766134802242,ETH-USDT,2950.9,0,buy
1766134802200,ETH-USDT,2950.9,0,buy
1766134802181,ETH-USDT,2950.9,0,buy
1766134801635,ETH-USDT,2950.85,0,sell
1766134801332,ETH-USDT,2950.95,0,buy
1766134801332,ETH-USDT,2950.92,0,buy
1766134801242,ETH-USDT,2950.85,0,sell
1766134801242,ETH-USDT,2950.86,0,sell
1766134801242,ETH-USDT,2950.87,0,sell
1766134801242,ETH-USDT,2950.95,0,sell
1766134801242,ETH-USDT,2950.98,0,sell
1766134801242,ETH-USDT,2951.0,0,sell
1766134799635,ETH-USDT,2951.02,0,sell
1766134798862,ETH-USDT,2951.05,0,buy
1766134798858,ETH-USDT,2951.05,0,buy
1766134798833,ETH-USDT,2951.05,0,buy
1766134798635,ETH-USDT,2951.05,0,sell
1766134798635,ETH-USDT,2951.07,0,sell
1766134798635,ETH-USDT,2951.08,0,sell
1766134798242,ETH-USDT,2951.11,0,sell
1766134798242,ETH-USDT,2951.13,0,sell
1766134797636,ETH-USDT,2951.15,0,sell
1766134797636,ETH-USDT,2951.19,0,sell
1766134797636,ETH-USDT,2951.2,0,sell
1766134797636,ETH-USDT,2951.21,0,sell
1766134797635,ETH-USDT,2951.23,0,sell
1766134797424,ETH-USDT,2951.25,0,buy
1766134796636,ETH-USDT,2951.25,0,sell
1766134796636,ETH-USDT,2951.26,0,sell
1766134796636,ETH-USDT,2951.28,0,sell
1766134796242,ETH-USDT,2951.31,0,sell
1766134796242,ETH-USDT,2951.34,0,sell
1766134796242,ETH-USDT,2951.4,0,sell
1766134796242,ETH-USDT,2951.42,0,sell
1766134796242,ETH-USDT,2951.44,0,sell
1766134796242,ETH-USDT,2951.46,0,sell
1766134796242,ETH-USDT,2951.47,0,sell
1766134796242,ETH-USDT,2951.48,0,sell
1766134796242,ETH-USDT,2951.51,0,sell
1766134796242,ETH-USDT,2951.56,0,sell
1766134796242,ETH-USDT,2951.58,0,sell
1766134796242,ETH-USDT,2951.59,0,sell
1766134793123,ETH-USDT,2951.61,0,buy
1766134788423,ETH-USDT,2956.0,0,buy
1766134788423,ETH-USDT,2951.87,0,buy
1766134787635,ETH-USDT,2951.85,0,sell
1766134784923,ETH-USDT,2952.0,0,buy
1766134781523,ETH-USDT,2952.0,0,buy
1766134780101,ETH-USDT,2951.96,0,sell
1766134778223,ETH-USDT,2951.79,0,buy
1766134776635,ETH-USDT,2951.61,0,buy
1766134775742,ETH-USDT,2951.64,0,sell
1766134775635,ETH-USDT,2951.66,0,sell
1766134775635,ETH-USDT,2951.68,0,sell
1766134775635,ETH-USDT,2951.71,0,sell
1766134775635,ETH-USDT,2951.72,0,sell
1766134775635,ETH-USDT,2951.73,0,sell
1766134774635,ETH-USDT,2951.89,0,sell
1766134773824,ETH-USDT,2951.9,0,buy
1766134770623,ETH-USDT,2952.0,0,buy
1766134764823,ETH-USDT,2952.0,0,buy
1766134759324,ETH-USDT,2952.0,0,buy
1766134755024,ETH-USDT,2951.74,0,buy
1766134752635,ETH-USDT,2952.0,0,sell
1766134750324,ETH-USDT,2952.01,0,buy
1766134746824,ETH-USDT,2952.01,0,buy
1766134743623,ETH-USDT,2952.01,0,buy
1766134740223,ETH-USDT,2952.01,0,buy
1766134737124,ETH-USDT,2952.47,0,buy
1766134733635,ETH-USDT,2952.51,0,sell
1766134731423,ETH-USDT,2956.8,0,buy
1766134731423,ETH-USDT,2956.0,0,buy
1766134726723,ETH-USDT,2954.38,0,buy
1766134726635,ETH-USDT,2954.38,0,sell
1766134722524,ETH-USDT,2954.46,0,buy
1766134717925,ETH-USDT,2954.66,0,buy
1766134712124,ETH-USDT,2954.85,0,buy
1766134708635,ETH-USDT,2954.5,0,sell
1766134708224,ETH-USDT,2954.7,0,buy
1766134704724,ETH-USDT,2954.75,0,buy
1766134703635,ETH-USDT,2954.64,0,buy
1766134703373,ETH-USDT,2954.63,0,sell
1766134700824,ETH-USDT,2954.45,0,buy
1766134699635,ETH-USDT,2954.15,0,buy
1766134695825,ETH-USDT,2954.37,0,buy
1766134690123,ETH-USDT,2953.61,0,buy
1766134689635,ETH-USDT,2953.3,0,buy
1766134689635,ETH-USDT,2953.3,0,buy
1766134688635,ETH-USDT,2953.25,0,buy
1766134686085,ETH-USDT,2953.1,0,buy
1766134686085,ETH-USDT,2953.08,0,buy
1766134685225,ETH-USDT,2953.15,0,buy
1766134684675,ETH-USDT,2953.15,0,buy
1766134684675,ETH-USDT,2953.14,0,buy
1766134684675,ETH-USDT,2953.1,0,buy
1766134684675,ETH-USDT,2953.1,0,buy
1766134684675,ETH-USDT,2953.1,0,buy
1766134684675,ETH-USDT,2953.1,0,buy
1766134684675,ETH-USDT,2953.1,0,buy
1766134684675,ETH-USDT,2953.1,0,buy
1766134684675,ETH-USDT,2953.09,0,buy
1766134684675,ETH-USDT,2953.09,0,buy
1766134684675,ETH-USDT,2953.09,0,buy
1766134684675,ETH-USDT,2953.09,0,buy
1766134684675,ETH-USDT,2953.09,0,buy
1766134684675,ETH-USDT,2953.09,0,buy
1766134684675,ETH-USDT,2953.09,0,buy
1766134684675,ETH-USDT,2953.08,0,buy
1766134684675,ETH-USDT,2953.08,0,buy
1766134684675,ETH-USDT,2953.08,0,buy
1766134684675,ETH-USDT,2953.08,0,buy
1766134684675,ETH-USDT,2953.08,0,buy
1766134684675,ETH-USDT,2953.08,0,buy
1766134681323,ETH-USDT,2952.73,0,buy
1766134676924,ETH-USDT,2952.73,0,buy
1766134671323,ETH-USDT,2952.73,0,buy
1766134670635,ETH-USDT,2952.77,0,sell
1766134667523,ETH-USDT,2952.55,0,buy
1766134662687,ETH-USDT,2952.09,0,buy
1766134662687,ETH-USDT,2952.09,0,buy
1766134662687,ETH-USDT,2952.09,0,buy
1766134662687,ETH-USDT,2952.09,0,buy
1766134662687,ETH-USDT,2952.09,0,buy
1766134662687,ETH-USDT,2952.09,0,buy
1766134662687,ETH-USDT,2952.09,0,buy
1766134662687,ETH-USDT,2952.09,0,buy
1766134662687,ETH-USDT,2952.09,0,buy
1766134662687,ETH-USDT,2952.09,0,buy
1766134662687,ETH-USDT,2952.09,0,buy
1766134662687,ETH-USDT,2952.09,0,buy
1766134662687,ETH-USDT,2952.09,0,buy
1766134662687,ETH-USDT,2952.09,0,buy
1766134662687,ETH-USDT,2952.09,0,buy
1766134662687,ETH-USDT,2952.09,0,buy
1766134662687,ETH-USDT,2952.09,0,buy
1766134662687,ETH-USDT,2952.09,0,buy
1766134662687,ETH-USDT,2952.09,0,buy
1766134662687,ETH-USDT,2952.09,0,buy
1766134662687,ETH-USDT,2952.09,0,buy
1766134662687,ETH-USDT,2952.09,0,buy
1766134662687,ETH-USDT,2952.09,0,buy
1766134662687,ETH-USDT,2952.09,0,buy
1766134662687,ETH-USDT,2952.09,0,buy
1766134662687,ETH-USDT,2952.09,0,buy
1766134662687,ETH-USDT,2952.09,0,buy
1766134662687,ETH-USDT,2952.09,0,buy
1766134662687,ETH-USDT,2952.06,0,buy
1766134662687,ETH-USDT,2952.06,0,buy
1766134662687,ETH-USDT,2952.06,0,buy
1766134662687,ETH-USDT,2952.06,0,buy
1766134662687,ETH-USDT,2952.06,0,buy
1766134662687,ETH-USDT,2952.06,0,buy
1766134662687,ETH-USDT,2952.06,0,buy
1766134662687,ETH-USDT,2952.06,0,buy
1766134662687,ETH-USDT,2952.06,0,buy
1766134662687,ETH-USDT,2952.06,0,buy
1766134662687,ETH-USDT,2952.06,0,buy
1766134662687,ETH-USDT,2952.06,0,buy
1766134662687,ETH-USDT,2952.06,0,buy
1766134662686,ETH-USDT,2952.06,0,buy
1766134662686,ETH-USDT,2952.06,0,buy
1766134662686,ETH-USDT,2952.06,0,buy
1766134662686,ETH-USDT,2952.06,0,buy
1766134662686,ETH-USDT,2952.06,0,buy
1766134662686,ETH-USDT,2952.06,0,buy
1766134662686,ETH-USDT,2952.06,0,buy
1766134662686,ETH-USDT,2952.06,0,buy
1766134662686,ETH-USDT,2952.06,0,buy
1766134662686,ETH-USDT,2952.06,0,buy
1766134662686,ETH-USDT,2952.06,0,buy
1766134662686,ETH-USDT,2952.06,0,buy
1766134662686,ETH-USDT,2952.06,0,buy
1766134662686,ETH-USDT,2952.06,0,buy
1766134662686,ETH-USDT,2952.06,0,buy
1766134662686,ETH-USDT,2952.06,0,buy
1766134662686,ETH-USDT,2952.06,0,buy
1766134662686,ETH-USDT,2952.06,0,buy
1766134662686,ETH-USDT,2952.06,0,buy
1766134662686,ETH-USDT,2952.06,0,buy
1766134662686,ETH-USDT,2952.06,0,buy
1766134662686,ETH-USDT,2952.06,0,buy
1766134662686,ETH-USDT,2952.06,0,buy
1766134662686,ETH-USDT,2952.06,0,buy
1766134662686,ETH-USDT,2952.06,0,buy
1766134662686,ETH-USDT,2952.06,0,buy
1766134662686,ETH-USDT,2952.06,0,buy
1766134662686,ETH-USDT,2952.06,0,buy
1766134662686,ETH-USDT,2952.06,0,buy
1766134662686,ETH-USDT,2952.06,0,buy
1766134662686,ETH-USDT,2952.06,0,buy
1766134662686,ETH-USDT,2952.06,0,buy
1766134662686,ETH-USDT,2952.06,0,buy
1766134662686,ETH-USDT,2952.06,0,buy
1766134662686,ETH-USDT,2952.06,0,buy
1766134662686,ETH-USDT,2952.06,0,buy
1766134662686,ETH-USDT,2952.06,0,buy
1766134662686,ETH-USDT,2952.06,0,buy
1766134662686,ETH-USDT,2952.06,0,buy
1766134662686,ETH-USDT,2952.06,0,buy
1766134662686,ETH-USDT,2952.06,0,buy
1766134662686,ETH-USDT,2952.06,0,buy
1766134662686,ETH-USDT,2952.06,0,buy
1766134662686,ETH-USDT,2952.06,0,buy
1766134662686,ETH-USDT,2952.06,0,buy
1766134662686,ETH-USDT,2952.06,0,buy
1766134662686,ETH-USDT,2952.06,0,buy
1766134662686,ETH-USDT,2952.06,0,buy
1766134662686,ETH-USDT,2952.06,0,buy
1766134662686,ETH-USDT,2952.06,0,buy
1766134662686,ETH-USDT,2952.06,0,buy
1766134662686,ETH-USDT,2952.06,0,buy
1766134662686,ETH-USDT,2952.06,0,buy
1766134662686,ETH-USDT,2952.06,0,buy
1766134662686,ETH-USDT,2952.06,0,buy
1766134662686,ETH-USDT,2952.06,0,buy
1766134662686,ETH-USDT,2952.06,0,buy
1766134662686,ETH-USDT,2952.06,0,buy
1766134662686,ETH-USDT,2952.06,0,buy
1766134662686,ETH-USDT,2952.06,0,buy
1766134662686,ETH-USDT,2952.06,0,buy
1766134662686,ETH-USDT,2952.06,0,buy
1766134662686,ETH-USDT,2952.06,0,buy
1766134662686,ETH-USDT,2952.06,0,buy
1766134662686,ETH-USDT,2952.06,0,buy
1766134662686,ETH-USDT,2952.06,0,buy
1766134662686,ETH-USDT,2952.06,0,buy
1766134662686,ETH-USDT,2952.06,0,buy
1766134662624,ETH-USDT,2952.06,0,buy
1766134657224,ETH-USDT,2952.4,0,buy
1766134652523,ETH-USDT,2952.4,0,buy
1766134648724,ETH-USDT,2952.05,0,buy
1766134648635,ETH-USDT,2952.01,0,buy
1766134646635,ETH-USDT,2952.1,0,sell
1766134646635,ETH-USDT,2952.1,0,sell
1766134646635,ETH-USDT,2952.15,0,sell
1766134646635,ETH-USDT,2952.26,0,sell
1766134646635,ETH-USDT,2952.28,0,sell
1766134643923,ETH-USDT,2951.95,0,buy
1766134640929,ETH-USDT,2951.8,0,buy
1766134640528,ETH-USDT,2951.84,0,buy
1766134640323,ETH-USDT,2951.84,0,buy
1766134640242,ETH-USDT,2951.78,0,sell
1766134640129,ETH-USDT,2951.8,0,buy
1766134639784,ETH-USDT,2951.8,0,buy
1766134639635,ETH-USDT,2951.79,0,sell
1766134639242,ETH-USDT,2951.8,0,sell
1766134639242,ETH-USDT,2951.89,0,sell
1766134639242,ETH-USDT,2951.9,0,sell
1766134639242,ETH-USDT,2951.92,0,sell
1766134639242,ETH-USDT,2951.93,0,sell
1766134639242,ETH-USDT,2951.94,0,sell
1766134637123,ETH-USDT,2952.3,0,buy
1766134636635,ETH-USDT,2952.3,0,sell
1766134631123,ETH-USDT,2952.4,0,buy
1766134630242,ETH-USDT,2952.15,0,buy
1766134629635,ETH-USDT,2952.05,0,buy
1766134629635,ETH-USDT,2951.98,0,buy
1766134625223,ETH-USDT,2952.78,0,buy
1766134621635,ETH-USDT,2952.66,0,buy
1766134619924,ETH-USDT,2952.66,0,buy
1766134615723,ETH-USDT,2952.71,0,buy
1766134615635,ETH-USDT,2952.7,0,sell
1766134615242,ETH-USDT,2952.71,0,sell
1766134614568,ETH-USDT,2952.47,0,sell
1766134614568,ETH-USDT,2952.5,0,sell
1766134614568,ETH-USDT,2952.6,0,sell
1766134614568,ETH-USDT,2952.7,0,sell
1766134614568,ETH-USDT,2952.76,0,sell
1766134614568,ETH-USDT,2952.78,0,sell
1766134610924,ETH-USDT,2952.79,0,buy
1766134607524,ETH-USDT,2952.79,0,buy
1766134604846,ETH-USDT,2953.04,0,sell
1766134604424,ETH-USDT,2953.05,0,buy
1766134598724,ETH-USDT,2953.05,0,buy
1766134596635,ETH-USDT,2953.0,0,buy
1766134593324,ETH-USDT,2953.0,0,buy
1766134588924,ETH-USDT,2952.91,0,buy
1766134584323,ETH-USDT,2952.91,0,buy
1766134580724,ETH-USDT,2953.15,0,buy
1766134575924,ETH-USDT,2953.24,0,buy
1766134575924,ETH-USDT,2953.21,0,buy
1766134572323,ETH-USDT,2953.0,0,buy
1766134568424,ETH-USDT,2952.9,0,buy
1766134564924,ETH-USDT,2952.64,0,buy
1766134561635,ETH-USDT,2952.45,0,buy
1766134561023,ETH-USDT,2952.45,0,buy
1766134556223,ETH-USDT,2952.28,0,buy
1766134550723,ETH-USDT,2952.3,0,buy
1766134545723,ETH-USDT,2952.7,0,buy
1766134541724,ETH-USDT,2952.39,0,buy
1766134541724,ETH-USDT,2952.35,0,buy
1766134540135,ETH-USDT,2951.99,0,sell
1766134540135,ETH-USDT,2952.0,0,sell
1766134539242,ETH-USDT,2952.05,0,sell
1766134539135,ETH-USDT,2952.08,0,sell
1766134537524,ETH-USDT,2952.53,0,buy
1766134532024,ETH-USDT,2952.53,0,buy
1766134528524,ETH-USDT,2952.75,0,buy
1766134528135,ETH-USDT,2952.79,0,sell
1766134526288,ETH-USDT,2952.8,0,buy
1766134524135,ETH-USDT,2952.81,0,sell
1766134523823,ETH-USDT,2952.82,0,buy
1766134518824,ETH-USDT,2952.82,0,buy
1766134515135,ETH-USDT,2952.93,0,sell
1766134514924,ETH-USDT,2952.94,0,buy
1766134510135,ETH-USDT,2952.7,0,buy
1766134509626,ETH-USDT,2952.7,0,buy
1766134507135,ETH-USDT,2952.45,0,buy
1766134504824,ETH-USDT,2952.34,0,buy
1766134504798,ETH-USDT,2952.34,0,buy
1766134501223,ETH-USDT,2953.75,0,buy
1766134498023,ETH-USDT,2953.7,0,buy
1766134494723,ETH-USDT,2953.3,0,buy
1766134491524,ETH-USDT,2953.3,0,buy
1766134487135,ETH-USDT,2952.78,0,buy
1766134485723,ETH-USDT,2953.1,0,buy
1766134480324,ETH-USDT,2953.1,0,buy
1766134479135,ETH-USDT,2952.95,0,buy
1766134478800,ETH-USDT,2952.7,0,sell
1766134476023,ETH-USDT,2952.45,0,buy
1766134473742,ETH-USDT,2952.45,0,buy
1766134473135,ETH-USDT,2952.32,0,buy
1766134471135,ETH-USDT,2952.1,0,sell
1766134471123,ETH-USDT,2952.11,0,buy
1766134470135,ETH-USDT,2952.2,0,sell
1766134470135,ETH-USDT,2952.22,0,sell
1766134470135,ETH-USDT,2952.24,0,sell
1766134470135,ETH-USDT,2952.25,0,sell
1766134470135,ETH-USDT,2952.27,0,sell
1766134470135,ETH-USDT,2952.28,0,sell
1766134470135,ETH-USDT,2952.32,0,sell
1766134470135,ETH-USDT,2952.39,0,sell
1766134470135,ETH-USDT,2952.4,0,sell
1766134470135,ETH-USDT,2952.42,0,sell
1766134470135,ETH-USDT,2952.43,0,sell
1766134470135,ETH-USDT,2952.44,0,sell
1766134470135,ETH-USDT,2952.45,0,sell
1766134470135,ETH-USDT,2952.48,0,sell
1766134470135,ETH-USDT,2952.5,0,sell
1766134470135,ETH-USDT,2952.51,0,sell
1766134470135,ETH-USDT,2952.63,0,sell
1766134467963,ETH-USDT,2952.65,0,sell
1766134467963,ETH-USDT,2952.66,0,sell
1766134467963,ETH-USDT,2952.7,0,sell
1766134465124,ETH-USDT,2953.18,0,buy
1766134464135,ETH-USDT,2953.17,0,sell
1766134463135,ETH-USDT,2953.29,0,sell
1766134459423,ETH-USDT,2953.35,0,buy
1766134459423,ETH-USDT,2953.34,0,buy
1766134459423,ETH-USDT,2953.3,0,buy
1766134454123,ETH-USDT,2953.05,0,buy
1766134454123,ETH-USDT,2953.01,0,buy
1766134452742,ETH-USDT,2952.75,0,buy
1766134452742,ETH-USDT,2952.7,0,buy
1766134452135,ETH-USDT,2952.74,0,sell
1766134452135,ETH-USDT,2952.79,0,sell
1766134452135,ETH-USDT,2952.85,0,sell
1766134450135,ETH-USDT,2952.99,0,sell
1766134449923,ETH-USDT,2953.09,0,buy
1766134449923,ETH-USDT,2953.05,0,buy
1766134449923,ETH-USDT,2953.0,0,buy
1766134447135,ETH-USDT,2952.94,0,sell
1766134446742,ETH-USDT,2952.99,0,sell
1766134446135,ETH-USDT,2953.0,0,sell
1766134445743,ETH-USDT,2953.0,0,sell
1766134445743,ETH-USDT,2953.01,0,sell
1766134445743,ETH-USDT,2953.14,0,sell
1766134445743,ETH-USDT,2953.16,0,sell
1766134445743,ETH-USDT,2953.16,0,sell
1766134445743,ETH-USDT,2953.2,0,sell
1766134444223,ETH-USDT,2953.33,0,buy
1766134441635,ETH-USDT,2953.21,0,buy
1766134438823,ETH-USDT,2953.21,0,buy
1766134434823,ETH-USDT,2953.21,0,buy
1766134432742,ETH-USDT,2953.22,0,sell
1766134431742,ETH-USDT,2953.26,0,sell
1766134431742,ETH-USDT,2953.28,0,sell
1766134431742,ETH-USDT,2953.29,0,sell
1766134431742,ETH-USDT,2953.32,0,sell
1766134431742,ETH-USDT,2953.33,0,sell
1766134431635,ETH-USDT,2953.42,0,sell
1766134431635,ETH-USDT,2953.44,0,sell
1766134431635,ETH-USDT,2953.47,0,sell
1766134431635,ETH-USDT,2953.5,0,sell
1766134431635,ETH-USDT,2953.55,0,sell
1766134431635,ETH-USDT,2953.55,0,sell
1766134431635,ETH-USDT,2953.56,0,sell
1766134431635,ETH-USDT,2953.57,0,sell
1766134431635,ETH-USDT,2953.58,0,sell
1766134431635,ETH-USDT,2953.59,0,sell
1766134431635,ETH-USDT,2953.63,0,sell
1766134431635,ETH-USDT,2953.71,0,sell
1766134431635,ETH-USDT,2953.73,0,sell
1766134431635,ETH-USDT,2953.73,0,sell
1766134431635,ETH-USDT,2953.75,0,sell
1766134430123,ETH-USDT,2953.79,0,buy
1766134429742,ETH-USDT,2953.75,0,sell
1766134429742,ETH-USDT,2953.78,0,sell
1766134429742,ETH-USDT,2953.84,0,sell
1766134429742,ETH-USDT,2953.91,0,sell
1766134429742,ETH-USDT,2953.94,0,sell
1766134429742,ETH-USDT,2953.96,0,sell
1766134429742,ETH-USDT,2953.97,0,sell
1766134429742,ETH-USDT,2953.99,0,sell
1766134429742,ETH-USDT,2954.0,0,sell
1766134429742,ETH-USDT,2954.0,0,sell
1766134429742,ETH-USDT,2954.0,0,sell
1766134429742,ETH-USDT,2954.09,0,sell
1766134429742,ETH-USDT,2954.12,0,sell
1766134429742,ETH-USDT,2954.14,0,sell
1766134429742,ETH-USDT,2954.25,0,sell
1766134429742,ETH-USDT,2954.28,0,sell
1766134429742,ETH-USDT,2954.31,0,sell
1766134429742,ETH-USDT,2954.4,0,sell
1766134429742,ETH-USDT,2954.44,0,sell
1766134429742,ETH-USDT,2954.45,0,sell
1766134429742,ETH-USDT,2954.5,0,sell
1766134429742,ETH-USDT,2954.51,0,sell
1766134429742,ETH-USDT,2954.54,0,sell
1766134429742,ETH-USDT,2954.62,0,sell
1766134429742,ETH-USDT,2954.63,0,sell
1766134429742,ETH-USDT,2954.64,0,sell
1766134429742,ETH-USDT,2954.67,0,sell
1766134429742,ETH-USDT,2954.76,0,sell
1766134429742,ETH-USDT,2954.77,0,sell
1766134429635,ETH-USDT,2954.77,0,sell
1766134429635,ETH-USDT,2954.82,0,sell
1766134429635,ETH-USDT,2954.83,0,sell
1766134429635,ETH-USDT,2954.87,0,sell
1766134429635,ETH-USDT,2954.92,0,sell
1766134429635,ETH-USDT,2954.96,0,sell
1766134429635,ETH-USDT,2955.0,0,sell
1766134429635,ETH-USDT,2955.0,0,sell
1766134429635,ETH-USDT,2955.0,0,sell
1766134429635,ETH-USDT,2955.04,0,sell
1766134429635,ETH-USDT,2955.05,0,sell
1766134429635,ETH-USDT,2955.06,0,sell
1766134429635,ETH-USDT,2955.12,0,sell
1766134429635,ETH-USDT,2955.13,0,sell
1766134429635,ETH-USDT,2955.15,0,sell
1766134429635,ETH-USDT,2955.16,0,sell
1766134429635,ETH-USDT,2955.2,0,sell
1766134429635,ETH-USDT,2955.33,0,sell
1766134429635,ETH-USDT,2955.35,0,sell
1766134429635,ETH-USDT,2955.37,0,sell
1766134429635,ETH-USDT,2955.4,0,sell
1766134429635,ETH-USDT,2955.41,0,sell
1766134429635,ETH-USDT,2955.44,0,sell
1766134429635,ETH-USDT,2955.47,0,sell
1766134429635,ETH-USDT,2955.5,0,sell
1766134429635,ETH-USDT,2955.53,0,sell
1766134429635,ETH-USDT,2955.55,0,sell
1766134429635,ETH-USDT,2955.56,0,sell
1766134429635,ETH-USDT,2955.6,0,sell
1766134429635,ETH-USDT,2955.66,0,sell
1766134429635,ETH-USDT,2955.72,0,sell
1766134429635,ETH-USDT,2955.77,0,sell
1766134429635,ETH-USDT,2955.81,0,sell
1766134429635,ETH-USDT,2955.84,0,sell
1766134429635,ETH-USDT,2955.88,0,sell
1766134429635,ETH-USDT,2955.9,0,sell
1766134429635,ETH-USDT,2955.98,0,sell
1766134429635,ETH-USDT,2956.0,0,sell
1766134429635,ETH-USDT,2956.14,0,sell
1766134429635,ETH-USDT,2956.17,0,sell
1766134429635,ETH-USDT,2956.2,0,sell
1766134429635,ETH-USDT,2956.2,0,sell
1766134429635,ETH-USDT,2956.24,0,sell
1766134429635,ETH-USDT,2956.25,0,sell
1766134429635,ETH-USDT,2956.34,0,sell
1766134429635,ETH-USDT,2956.35,0,sell
1766134429635,ETH-USDT,2956.36,0,sell
1766134429635,ETH-USDT,2956.52,0,sell
1766134429635,ETH-USDT,2956.54,0,sell
1766134429635,ETH-USDT,2956.59,0,sell
1766134429635,ETH-USDT,2956.7,0,sell
1766134429635,ETH-USDT,2956.71,0,sell
1766134429635,ETH-USDT,2956.72,0,sell
1766134429635,ETH-USDT,2956.73,0,sell
1766134429635,ETH-USDT,2956.77,0,sell
1766134429635,ETH-USDT,2956.8,0,sell
1766134429635,ETH-USDT,2956.85,0,sell
1766134429635,ETH-USDT,2956.89,0,sell
1766134429635,ETH-USDT,2956.93,0,sell
1766134429635,ETH-USDT,2957.0,0,sell
1766134429635,ETH-USDT,2957.03,0,sell
1766134428742,ETH-USDT,2957.03,0,sell
1766134428742,ETH-USDT,2957.03,0,sell
1766134428742,ETH-USDT,2957.03,0,sell
1766134428742,ETH-USDT,2957.03,0,sell
1766134428742,ETH-USDT,2957.09,0,sell
1766134428742,ETH-USDT,2957.24,0,sell
1766134428742,ETH-USDT,2957.3,0,sell
1766134428742,ETH-USDT,2957.31,0,sell
1766134428742,ETH-USDT,2957.33,0,sell
1766134428742,ETH-USDT,2957.34,0,sell
1766134428742,ETH-USDT,2957.35,0,sell
1766134428742,ETH-USDT,2957.42,0,sell
1766134428635,ETH-USDT,2957.42,0,sell
1766134428635,ETH-USDT,2957.42,0,sell
1766134428635,ETH-USDT,2957.42,0,sell
1766134428635,ETH-USDT,2957.42,0,sell
1766134428635,ETH-USDT,2957.47,0,sell
1766134428635,ETH-USDT,2957.5,0,sell
1766134428635,ETH-USDT,2957.51,0,sell
1766134428635,ETH-USDT,2957.54,0,sell
1766134428635,ETH-USDT,2957.55,0,sell
1766134428635,ETH-USDT,2957.66,0,sell
1766134428635,ETH-USDT,2957.68,0,sell
1766134428635,ETH-USDT,2957.74,0,sell
1766134428635,ETH-USDT,2957.77,0,sell
1766134428635,ETH-USDT,2957.82,0,sell
1766134428635,ETH-USDT,2957.89,0,sell
1766134428635,ETH-USDT,2957.92,0,sell
1766134428635,ETH-USDT,2957.93,0,sell
1766134428635,ETH-USDT,2957.99,0,sell
1766134428635,ETH-USDT,2958.0,0,sell
1766134428635,ETH-USDT,2958.04,0,sell
1766134428635,ETH-USDT,2958.06,0,sell
1766134428635,ETH-USDT,2958.12,0,sell
1766134428635,ETH-USDT,2958.13,0,sell
1766134428635,ETH-USDT,2958.14,0,sell
1766134428635,ETH-USDT,2958.29,0,sell
1766134428635,ETH-USDT,2958.33,0,sell
1766134428635,ETH-USDT,2958.5,0,sell
1766134428635,ETH-USDT,2958.53,0,sell
1766134428635,ETH-USDT,2958.56,0,sell
1766134428635,ETH-USDT,2958.62,0,sell
1766134428635,ETH-USDT,2958.73,0,sell
1766134428635,ETH-USDT,2958.77,0,sell
1766134428635,ETH-USDT,2958.84,0,sell
1766134428635,ETH-USDT,2958.87,0,sell
1766134428635,ETH-USDT,2958.91,0,sell
1766134427742,ETH-USDT,2958.91,0,sell
1766134427742,ETH-USDT,2958.91,0,sell
1766134427742,ETH-USDT,2958.91,0,sell
1766134427742,ETH-USDT,2958.91,0,sell
1766134427742,ETH-USDT,2958.98,0,sell
1766134427742,ETH-USDT,2959.0,0,sell
1766134427742,ETH-USDT,2959.02,0,sell
1766134427742,ETH-USDT,2959.08,0,sell
1766134427742,ETH-USDT,2959.31,0,sell
1766134427742,ETH-USDT,2959.44,0,sell
1766134427742,ETH-USDT,2959.5,0,sell
1766134427742,ETH-USDT,2959.59,0,sell
1766134427742,ETH-USDT,2959.65,0,sell
1766134427742,ETH-USDT,2959.69,0,sell
1766134427742,ETH-USDT,2959.73,0,sell
1766134427742,ETH-USDT,2959.75,0,sell
1766134427742,ETH-USDT,2959.83,0,sell
1766134427742,ETH-USDT,2959.93,0,sell
1766134427742,ETH-USDT,2959.97,0,sell
1766134427742,ETH-USDT,2959.99,0,sell
1766134427635,ETH-USDT,2959.99,0,sell
1766134427635,ETH-USDT,2959.99,0,sell
1766134427635,ETH-USDT,2959.99,0,sell
1766134427635,ETH-USDT,2959.99,0,sell
1766134427635,ETH-USDT,2960.0,0,sell
1766134426823,ETH-USDT,2964.0,0,buy
1766134426742,ETH-USDT,2960.0,0,sell
1766134426742,ETH-USDT,2960.0,0,sell
1766134426742,ETH-USDT,2960.0,0,sell
1766134426742,ETH-USDT,2960.18,0,sell
1766134426742,ETH-USDT,2960.24,0,sell
1766134426742,ETH-USDT,2960.27,0,sell
1766134426742,ETH-USDT,2960.32,0,sell
1766134426742,ETH-USDT,2960.34,0,sell
1766134426742,ETH-USDT,2960.37,0,sell
1766134426742,ETH-USDT,2960.38,0,sell
1766134426742,ETH-USDT,2960.4,0,sell
1766134426742,ETH-USDT,2960.52,0,sell
1766134426742,ETH-USDT,2960.67,0,sell
1766134426742,ETH-USDT,2960.73,0,sell
1766134426742,ETH-USDT,2960.75,0,sell
1766134426742,ETH-USDT,2960.75,0,sell
1766134426742,ETH-USDT,2960.88,0,sell
1766134426742,ETH-USDT,2960.89,0,sell
1766134426742,ETH-USDT,2960.97,0,sell
1766134426742,ETH-USDT,2960.99,0,sell
1766134426742,ETH-USDT,2961.0,0,sell
1766134426742,ETH-USDT,2961.15,0,sell
1766134426742,ETH-USDT,2961.17,0,sell
1766134426742,ETH-USDT,2961.37,0,sell
1766134426742,ETH-USDT,2961.42,0,sell
1766134426742,ETH-USDT,2961.43,0,sell
1766134426742,ETH-USDT,2961.53,0,sell
1766134426742,ETH-USDT,2961.54,0,sell
1766134426742,ETH-USDT,2961.6,0,sell
1766134426635,ETH-USDT,2961.6,0,sell
1766134426635,ETH-USDT,2961.6,0,sell
1766134426635,ETH-USDT,2961.6,0,sell
1766134426635,ETH-USDT,2961.74,0,sell
1766134426635,ETH-USDT,2961.77,0,sell
1766134426635,ETH-USDT,2961.8,0,sell
1766134426635,ETH-USDT,2961.82,0,sell
1766134426635,ETH-USDT,2962.0,0,sell
1766134426635,ETH-USDT,2962.05,0,sell
1766134426635,ETH-USDT,2962.08,0,sell
1766134426635,ETH-USDT,2962.09,0,sell
1766134426635,ETH-USDT,2962.19,0,sell
1766134426635,ETH-USDT,2962.25,0,sell
1766134426635,ETH-USDT,2962.4,0,sell
1766134426635,ETH-USDT,2962.5,0,sell
1766134426635,ETH-USDT,2962.5,0,sell
1766134426635,ETH-USDT,2962.66,0,sell
1766134426635,ETH-USDT,2963.0,0,sell
1766134426635,ETH-USDT,2963.2,0,sell
1766134425742,ETH-USDT,2963.2,0,sell
1766134425742,ETH-USDT,2963.2,0,sell
1766134425742,ETH-USDT,2963.2,0,sell
1766134425742,ETH-USDT,2963.2,0,sell
1766134425742,ETH-USDT,2963.31,0,sell
1766134425742,ETH-USDT,2963.38,0,sell
1766134425742,ETH-USDT,2963.46,0,sell
1766134425742,ETH-USDT,2963.49,0,sell
1766134425742,ETH-USDT,2963.5,0,sell
1766134425742,ETH-USDT,2963.84,0,sell
1766134425742,ETH-USDT,2963.95,0,sell
1766134425742,ETH-USDT,2964.0,0,sell
1766134425742,ETH-USDT,2964.09,0,sell
1766134425635,ETH-USDT,2964.09,0,sell
1766134425635,ETH-USDT,2964.09,0,sell
1766134425635,ETH-USDT,2964.09,0,sell
1766134425635,ETH-USDT,2964.09,0,sell
1766134425635,ETH-USDT,2964.23,0,sell
1766134425635,ETH-USDT,2964.75,0,sell
1766134425635,ETH-USDT,2965.0,0,sell
1766134425463,ETH-USDT,2970.0,0,buy
1766134425463,ETH-USDT,2969.99,0,buy
1766134425463,ETH-USDT,2969.95,0,buy
1766134425463,ETH-USDT,2969.84,0,buy
1766134425463,ETH-USDT,2969.78,0,buy
1766134425463,ETH-USDT,2969.76,0,buy
1766134425463,ETH-USDT,2969.75,0,buy
1766134425463,ETH-USDT,2969.68,0,buy
1766134425463,ETH-USDT,2969.66,0,buy
1766134425463,ETH-USDT,2969.6,0,buy
1766134425463,ETH-USDT,2969.57,0,buy
1766134425463,ETH-USDT,2969.54,0,buy
1766134425463,ETH-USDT,2969.5,0,buy
1766134425463,ETH-USDT,2969.46,0,buy
1766134425463,ETH-USDT,2969.44,0,buy
1766134425463,ETH-USDT,2969.42,0,buy
1766134425463,ETH-USDT,2969.38,0,buy
1766134425463,ETH-USDT,2969.31,0,buy
1766134425463,ETH-USDT,2969.28,0,buy
1766134425463,ETH-USDT,2969.24,0,buy
1766134425463,ETH-USDT,2969.23,0,buy
1766134425463,ETH-USDT,2969.2,0,buy
1766134425463,ETH-USDT,2969.19,0,buy
1766134425463,ETH-USDT,2969.18,0,buy
1766134425463,ETH-USDT,2969.14,0,buy
1766134425463,ETH-USDT,2969.09,0,buy
1766134425463,ETH-USDT,2969.04,0,buy
1766134425463,ETH-USDT,2969.01,0,buy
1766134425463,ETH-USDT,2969.0,0,buy
1766134425463,ETH-USDT,2968.97,0,buy
1766134425463,ETH-USDT,2968.94,0,buy
1766134425463,ETH-USDT,2968.91,0,buy
1766134425463,ETH-USDT,2968.89,0,buy
1766134425463,ETH-USDT,2968.88,0,buy
1766134425463,ETH-USDT,2968.86,0,buy
1766134425463,ETH-USDT,2968.85,0,buy
1766134425463,ETH-USDT,2968.8,0,buy
1766134425463,ETH-USDT,2968.75,0,buy
1766134425463,ETH-USDT,2968.74,0,buy
1766134425463,ETH-USDT,2968.66,0,buy
1766134425463,ETH-USDT,2968.62,0,buy
1766134425463,ETH-USDT,2968.6,0,buy
1766134425463,ETH-USDT,2968.56,0,buy
1766134425463,ETH-USDT,2968.5,0,buy
1766134425463,ETH-USDT,2968.46,0,buy
1766134425463,ETH-USDT,2968.45,0,buy
1766134425463,ETH-USDT,2968.42,0,buy
1766134425463,ETH-USDT,2968.4,0,buy
1766134425463,ETH-USDT,2968.39,0,buy
1766134425463,ETH-USDT,2968.38,0,buy
1766134425463,ETH-USDT,2968.36,0,buy
1766134425463,ETH-USDT,2968.33,0,buy
1766134425463,ETH-USDT,2968.31,0,buy
1766134425463,ETH-USDT,2968.27,0,buy
1766134425463,ETH-USDT,2968.23,0,buy
1766134425463,ETH-USDT,2968.17,0,buy
1766134425463,ETH-USDT,2968.14,0,buy
1766134425463,ETH-USDT,2968.13,0,buy
1766134425463,ETH-USDT,2968.09,0,buy
1766134425463,ETH-USDT,2968.0,0,buy
1766134425463,ETH-USDT,2967.94,0,buy
1766134425463,ETH-USDT,2967.92,0,buy
1766134425463,ETH-USDT,2967.89,0,buy
1766134425463,ETH-USDT,2967.86,0,buy
1766134425463,ETH-USDT,2967.82,0,buy
1766134425463,ETH-USDT,2967.74,0,buy
1766134425463,ETH-USDT,2967.72,0,buy
1766134425463,ETH-USDT,2967.67,0,buy
1766134425463,ETH-USDT,2967.65,0,buy
1766134425463,ETH-USDT,2967.64,0,buy
1766134425463,ETH-USDT,2967.59,0,buy
1766134425463,ETH-USDT,2967.58,0,buy
1766134425463,ETH-USDT,2967.55,0,buy
1766134425463,ETH-USDT,2967.54,0,buy
1766134425463,ETH-USDT,2967.5,0,buy
1766134425463,ETH-USDT,2967.48,0,buy
1766134425463,ETH-USDT,2967.44,0,buy
1766134425463,ETH-USDT,2967.37,0,buy
1766134425463,ETH-USDT,2967.34,0,buy
1766134425463,ETH-USDT,2967.27,0,buy
1766134425463,ETH-USDT,2967.22,0,buy
1766134425463,ETH-USDT,2967.2,0,buy
1766134425463,ETH-USDT,2967.13,0,buy
1766134425463,ETH-USDT,2967.07,0,buy
1766134425463,ETH-USDT,2967.05,0,buy
1766134425463,ETH-USDT,2966.94,0,buy
1766134425463,ETH-USDT,2966.9,0,buy
1766134425463,ETH-USDT,2966.84,0,buy
1766134425463,ETH-USDT,2966.8,0,buy
1766134425463,ETH-USDT,2966.72,0,buy
1766134425463,ETH-USDT,2966.67,0,buy
1766134425463,ETH-USDT,2966.66,0,buy
1766134425463,ETH-USDT,2966.61,0,buy
1766134425463,ETH-USDT,2966.6,0,buy
1766134425463,ETH-USDT,2966.59,0,buy
1766134425463,ETH-USDT,2966.57,0,buy
1766134425463,ETH-USDT,2966.5,0,buy
1766134425463,ETH-USDT,2966.49,0,buy
1766134425463,ETH-USDT,2966.47,0,buy
1766134425463,ETH-USDT,2966.45,0,buy
1766134425463,ETH-USDT,2966.44,0,buy
1766134425463,ETH-USDT,2966.42,0,buy
1766134425463,ETH-USDT,2966.4,0,buy
1766134425463,ETH-USDT,2966.34,0,buy
1766134425463,ETH-USDT,2966.29,0,buy
1766134425463,ETH-USDT,2966.25,0,buy
1766134425463,ETH-USDT,2966.23,0,buy
1766134425463,ETH-USDT,2966.22,0,buy
1766134425463,ETH-USDT,2966.19,0,buy
1766134425463,ETH-USDT,2966.16,0,buy
1766134425463,ETH-USDT,2966.15,0,buy
1766134425463,ETH-USDT,2966.14,0,buy
1766134425463,ETH-USDT,2966.12,0,buy
1766134425463,ETH-USDT,2966.09,0,buy
1766134425463,ETH-USDT,2966.04,0,buy
1766134425463,ETH-USDT,2966.0,0,buy
1766134425463,ETH-USDT,2965.91,0,buy
1766134425463,ETH-USDT,2965.88,0,buy
1766134425463,ETH-USDT,2965.85,0,buy
1766134425463,ETH-USDT,2965.84,0,buy
1766134425463,ETH-USDT,2965.81,0,buy
1766134425463,ETH-USDT,2965.77,0,buy
1766134425463,ETH-USDT,2965.71,0,buy
1766134425463,ETH-USDT,2965.69,0,buy
1766134425463,ETH-USDT,2965.67,0,buy
1766134425463,ETH-USDT,2965.6,0,buy
1766134425463,ETH-USDT,2965.51,0,buy
1766134425463,ETH-USDT,2965.45,0,buy
1766134425463,ETH-USDT,2965.33,0,buy
1766134425463,ETH-USDT,2965.27,0,buy
1766134425463,ETH-USDT,2965.21,0,buy
1766134425463,ETH-USDT,2965.15,0,buy
1766134425463,ETH-USDT,2965.0,0,buy
1766134425463,ETH-USDT,2964.99,0,buy
1766134425463,ETH-USDT,2964.93,0,buy
1766134425463,ETH-USDT,2964.77,0,buy
1766134425463,ETH-USDT,2964.75,0,buy
1766134425463,ETH-USDT,2964.72,0,buy
1766134425463,ETH-USDT,2964.7,0,buy
1766134425463,ETH-USDT,2964.63,0,buy
1766134425463,ETH-USDT,2964.58,0,buy
1766134425463,ETH-USDT,2964.56,0,buy
1766134425463,ETH-USDT,2964.51,0,buy
1766134425463,ETH-USDT,2964.5,0,buy
1766134425463,ETH-USDT,2964.43,0,buy
1766134425463,ETH-USDT,2964.38,0,buy
1766134425463,ETH-USDT,2964.36,0,buy
1766134425463,ETH-USDT,2964.3,0,buy
1766134425463,ETH-USDT,2964.28,0,buy
1766134425463,ETH-USDT,2964.26,0,buy
1766134425463,ETH-USDT,2964.23,0,buy
1766134425463,ETH-USDT,2964.22,0,buy
1766134425463,ETH-USDT,2964.21,0,buy
1766134425463,ETH-USDT,2964.19,0,buy
1766134425463,ETH-USDT,2964.17,0,buy
1766134425463,ETH-USDT,2964.09,0,buy
1766134425463,ETH-USDT,2964.08,0,buy
1766134425463,ETH-USDT,2964.0,0,buy
1766134425463,ETH-USDT,2963.95,0,buy
1766134425463,ETH-USDT,2963.94,0,buy
1766134425463,ETH-USDT,2963.91,0,buy
1766134425463,ETH-USDT,2963.84,0,buy
1766134425463,ETH-USDT,2963.75,0,buy
1766134425463,ETH-USDT,2963.74,0,buy
1766134425463,ETH-USDT,2963.69,0,buy
1766134425463,ETH-USDT,2963.63,0,buy
1766134425463,ETH-USDT,2963.58,0,buy
1766134425463,ETH-USDT,2963.57,0,buy
1766134425463,ETH-USDT,2963.56,0,buy
1766134425463,ETH-USDT,2963.51,0,buy
1766134425463,ETH-USDT,2963.5,0,buy
1766134425463,ETH-USDT,2963.49,0,buy
1766134425463,ETH-USDT,2963.46,0,buy
1766134425463,ETH-USDT,2963.4,0,buy
1766134425463,ETH-USDT,2963.38,0,buy
1766134425463,ETH-USDT,2963.33,0,buy
1766134425463,ETH-USDT,2963.31,0,buy
1766134425463,ETH-USDT,2963.29,0,buy
1766134425463,ETH-USDT,2963.2,0,buy
1766134425463,ETH-USDT,2963.17,0,buy
1766134425463,ETH-USDT,2963.03,0,buy
1766134425463,ETH-USDT,2963.0,0,buy
1766134425463,ETH-USDT,2962.99,0,buy
1766134425463,ETH-USDT,2962.96,0,buy
1766134425463,ETH-USDT,2962.87,0,buy
1766134425463,ETH-USDT,2962.67,0,buy
1766134425463,ETH-USDT,2962.66,0,buy
1766134425463,ETH-USDT,2962.63,0,buy
1766134425463,ETH-USDT,2962.6,0,buy
1766134425463,ETH-USDT,2962.55,0,buy
1766134425463,ETH-USDT,2962.5,0,buy
1766134425463,ETH-USDT,2962.4,0,buy
1766134425463,ETH-USDT,2962.25,0,buy
1766134425463,ETH-USDT,2962.24,0,buy
1766134425463,ETH-USDT,2962.19,0,buy
1766134425463,ETH-USDT,2962.18,0,buy
1766134425463,ETH-USDT,2962.09,0,buy
1766134425463,ETH-USDT,2962.08,0,buy
1766134425463,ETH-USDT,2962.05,0,buy
1766134425463,ETH-USDT,2962.0,0,buy
1766134425463,ETH-USDT,2961.99,0,buy
1766134425463,ETH-USDT,2961.84,0,buy
1766134425463,ETH-USDT,2961.82,0,buy
1766134425463,ETH-USDT,2961.8,0,buy
1766134425463,ETH-USDT,2961.77,0,buy
1766134425463,ETH-USDT,2961.74,0,buy
1766134425463,ETH-USDT,2961.6,0,buy
1766134425463,ETH-USDT,2961.54,0,buy
1766134425463,ETH-USDT,2961.53,0,buy
1766134425463,ETH-USDT,2961.52,0,buy
1766134425463,ETH-USDT,2961.43,0,buy
1766134425463,ETH-USDT,2961.42,0,buy
1766134425463,ETH-USDT,2961.37,0,buy
1766134425463,ETH-USDT,2961.17,0,buy
1766134425463,ETH-USDT,2961.15,0,buy
1766134425463,ETH-USDT,2961.0,0,buy
1766134425463,ETH-USDT,2960.99,0,buy
1766134425463,ETH-USDT,2960.97,0,buy
1766134425463,ETH-USDT,2960.89,0,buy
1766134425463,ETH-USDT,2960.88,0,buy
1766134425463,ETH-USDT,2960.75,0,buy
1766134425463,ETH-USDT,2960.73,0,buy
1766134425463,ETH-USDT,2960.67,0,buy
1766134425463,ETH-USDT,2960.52,0,buy
1766134425463,ETH-USDT,2960.4,0,buy
1766134425463,ETH-USDT,2960.38,0,buy
1766134425463,ETH-USDT,2960.37,0,buy
1766134425463,ETH-USDT,2960.34,0,buy
1766134425463,ETH-USDT,2960.32,0,buy
1766134425463,ETH-USDT,2960.27,0,buy
1766134425463,ETH-USDT,2960.0,0,buy
1766134425463,ETH-USDT,2959.99,0,buy
1766134425463,ETH-USDT,2959.93,0,buy
1766134425463,ETH-USDT,2959.83,0,buy
1766134425463,ETH-USDT,2959.75,0,buy
1766134425463,ETH-USDT,2959.73,0,buy
1766134425463,ETH-USDT,2959.69,0,buy
1766134425463,ETH-USDT,2959.5,0,buy
1766134425463,ETH-USDT,2959.31,0,buy
1766134425463,ETH-USDT,2959.02,0,buy
1766134425463,ETH-USDT,2958.91,0,buy
1766134425463,ETH-USDT,2958.6,0,buy
1766134425463,ETH-USDT,2958.53,0,buy
1766134425463,ETH-USDT,2958.29,0,buy
1766134425463,ETH-USDT,2958.14,0,buy
1766134425463,ETH-USDT,2958.13,0,buy
1766134425463,ETH-USDT,2958.0,0,buy
1766134425463,ETH-USDT,2957.77,0,buy
1766134425463,ETH-USDT,2956.8,0,buy
1766134425463,ETH-USDT,2956.0,0,buy
1766134425463,ETH-USDT,2953.25,0,buy
1766134425463,ETH-USDT,2953.24,0,buy
1766134425463,ETH-USDT,2953.23,0,buy
1766134425463,ETH-USDT,2953.2,0,buy
1766134425463,ETH-USDT,2953.19,0,buy
1766134425463,ETH-USDT,2953.17,0,buy
1766134425463,ETH-USDT,2953.15,0,buy
1766134425463,ETH-USDT,2953.13,0,buy
1766134425463,ETH-USDT,2953.12,0,buy
1766134425463,ETH-USDT,2953.1,0,buy
1766134423635,ETH-USDT,2953.14,0,sell
1766134423324,ETH-USDT,2953.15,0,buy
1766134420635,ETH-USDT,2952.9,0,buy
1766134417624,ETH-USDT,2952.9,0,buy
1766134415635,ETH-USDT,2952.5,0,buy
1766134412742,ETH-USDT,2951.8,0,sell
1766134412742,ETH-USDT,2951.82,0,sell
1766134412742,ETH-USDT,2951.89,0,sell
1766134412742,ETH-USDT,2951.9,0,sell
1766134412742,ETH-USDT,2951.92,0,sell
1766134412742,ETH-USDT,2951.93,0,sell
1766134412742,ETH-USDT,2951.94,0,sell
1766134412742,ETH-USDT,2952.0,0,sell
1766134412635,ETH-USDT,2952.05,0,sell
1766134412635,ETH-USDT,2952.08,0,sell
1766134412635,ETH-USDT,2952.13,0,sell
1766134412635,ETH-USDT,2952.17,0,sell
1766134412635,ETH-USDT,2952.2,0,sell
1766134412635,ETH-USDT,2952.22,0,sell
1766134412635,ETH-USDT,2952.24,0,sell
1766134412635,ETH-USDT,2952.25,0,sell
1766134412635,ETH-USDT,2952.27,0,sell
1766134412635,ETH-USDT,2952.28,0,sell
1766134412635,ETH-USDT,2952.32,0,sell
1766134412635,ETH-USDT,2952.38,0,sell
1766134412635,ETH-USDT,2952.39,0,sell
1766134412635,ETH-USDT,2952.4,0,sell
1766134412635,ETH-USDT,2952.42,0,sell
1766134412635,ETH-USDT,2952.43,0,sell
1766134412635,ETH-USDT,2952.44,0,sell
1766134412635,ETH-USDT,2952.45,0,sell
1766134412635,ETH-USDT,2952.48,0,sell
1766134412635,ETH-USDT,2952.5,0,sell
1766134412635,ETH-USDT,2952.51,0,sell
1766134412635,ETH-USDT,2952.57,0,sell
1766134412635,ETH-USDT,2952.63,0,sell
1766134412635,ETH-USDT,2952.68,0,sell
1766134412635,ETH-USDT,2952.77,0,sell
1766134412635,ETH-USDT,2952.79,0,sell
1766134412635,ETH-USDT,2952.82,0,sell
1766134412635,ETH-USDT,2952.85,0,sell
1766134412635,ETH-USDT,2952.93,0,sell
1766134412635,ETH-USDT,2952.93,0,sell
1766134412635,ETH-USDT,2952.94,0,sell
1766134412635,ETH-USDT,2952.99,0,sell
1766134412635,ETH-USDT,2952.99,0,sell
1766134412635,ETH-USDT,2953.0,0,sell
1766134411742,ETH-USDT,2953.0,0,sell
1766134411742,ETH-USDT,2953.01,0,sell
1766134411742,ETH-USDT,2953.14,0,sell
1766134411742,ETH-USDT,2953.16,0,sell
1766134411742,ETH-USDT,2953.18,0,sell
1766134411742,ETH-USDT,2953.2,0,sell
1766134411742,ETH-USDT,2953.21,0,sell
1766134411742,ETH-USDT,2953.22,0,sell
1766134411742,ETH-USDT,2953.26,0,sell
1766134411742,ETH-USDT,2953.28,0,sell
1766134411742,ETH-USDT,2953.29,0,sell
1766134411742,ETH-USDT,2953.32,0,sell
1766134411742,ETH-USDT,2953.33,0,sell
1766134411742,ETH-USDT,2953.33,0,sell
1766134411742,ETH-USDT,2953.33,0,sell
1766134411742,ETH-USDT,2953.37,0,sell
1766134411742,ETH-USDT,2953.42,0,sell
1766134411742,ETH-USDT,2953.44,0,sell
1766134411742,ETH-USDT,2953.44,0,sell
1766134411742,ETH-USDT,2953.47,0,sell
1766134411742,ETH-USDT,2953.5,0,sell
1766134411742,ETH-USDT,2953.55,0,sell
1766134411742,ETH-USDT,2953.56,0,sell
1766134411742,ETH-USDT,2953.57,0,sell
1766134411742,ETH-USDT,2953.58,0,sell
1766134411742,ETH-USDT,2953.59,0,sell
1766134411742,ETH-USDT,2953.63,0,sell
1766134411742,ETH-USDT,2953.71,0,sell
1766134411742,ETH-USDT,2953.73,0,sell
1766134411635,ETH-USDT,2953.73,0,sell
1766134411635,ETH-USDT,2953.73,0,sell
1766134411635,ETH-USDT,2953.73,0,sell
1766134411635,ETH-USDT,2953.73,0,sell
1766134411635,ETH-USDT,2953.75,0,sell
1766134410753,ETH-USDT,2953.75,0,sell
1766134410753,ETH-USDT,2953.76,0,sell
1766134410753,ETH-USDT,2953.78,0,sell
1766134410753,ETH-USDT,2953.84,0,sell
1766134410753,ETH-USDT,2953.9,0,sell
1766134410753,ETH-USDT,2953.91,0,sell
1766134410753,ETH-USDT,2953.94,0,sell
1766134410753,ETH-USDT,2953.96,0,sell
1766134410753,ETH-USDT,2953.97,0,sell
1766134410753,ETH-USDT,2953.98,0,sell
1766134410753,ETH-USDT,2953.99,0,sell
1766134410753,ETH-USDT,2954.0,0,sell
1766134410753,ETH-USDT,2954.0,0,sell
1766134410753,ETH-USDT,2954.0,0,sell
1766134410753,ETH-USDT,2954.09,0,sell
1766134410753,ETH-USDT,2954.12,0,sell
1766134410753,ETH-USDT,2954.14,0,sell
1766134410753,ETH-USDT,2954.19,0,sell
1766134410753,ETH-USDT,2954.22,0,sell
1766134410753,ETH-USDT,2954.25,0,sell
1766134410753,ETH-USDT,2954.28,0,sell
1766134410753,ETH-USDT,2954.31,0,sell
1766134410753,ETH-USDT,2954.4,0,sell
1766134410753,ETH-USDT,2954.44,0,sell
1766134410753,ETH-USDT,2954.45,0,sell
1766134410753,ETH-USDT,2954.5,0,sell
1766134410753,ETH-USDT,2954.51,0,sell
1766134410753,ETH-USDT,2954.54,0,sell
1766134410753,ETH-USDT,2954.62,0,sell
1766134410753,ETH-USDT,2954.63,0,sell
1766134410753,ETH-USDT,2954.64,0,sell
1766134410753,ETH-USDT,2954.67,0,sell
1766134410753,ETH-USDT,2954.76,0,sell
1766134410753,ETH-USDT,2954.77,0,sell
1766134410753,ETH-USDT,2954.77,0,sell
1766134410753,ETH-USDT,2954.82,0,sell
1766134410753,ETH-USDT,2954.83,0,sell
1766134410753,ETH-USDT,2954.84,0,sell
1766134410753,ETH-USDT,2954.87,0,sell
1766134410753,ETH-USDT,2954.91,0,sell
1766134410753,ETH-USDT,2954.92,0,sell
1766134410753,ETH-USDT,2954.95,0,sell
1766134410753,ETH-USDT,2954.96,0,sell
1766134410753,ETH-USDT,2955.0,0,sell
1766134410635,ETH-USDT,2955.0,0,sell
1766134410635,ETH-USDT,2955.0,0,sell
1766134410635,ETH-USDT,2955.0,0,sell
1766134410635,ETH-USDT,2955.04,0,sell
1766134410635,ETH-USDT,2955.05,0,sell
1766134410635,ETH-USDT,2955.06,0,sell
1766134410635,ETH-USDT,2955.12,0,sell
1766134410635,ETH-USDT,2955.13,0,sell
1766134410635,ETH-USDT,2955.15,0,sell
1766134410635,ETH-USDT,2955.16,0,sell
1766134410635,ETH-USDT,2955.17,0,sell
1766134410635,ETH-USDT,2955.2,0,sell
1766134410635,ETH-USDT,2955.3,0,sell
1766134410635,ETH-USDT,2955.33,0,sell
1766134410635,ETH-USDT,2955.35,0,sell
1766134410635,ETH-USDT,2955.37,0,sell
1766134410635,ETH-USDT,2955.4,0,sell
1766134410635,ETH-USDT,2955.41,0,sell
1766134410635,ETH-USDT,2955.44,0,sell
1766134410635,ETH-USDT,2955.47,0,sell
1766134410635,ETH-USDT,2955.5,0,sell
1766134410635,ETH-USDT,2955.53,0,sell
1766134410635,ETH-USDT,2955.55,0,sell
1766134410635,ETH-USDT,2955.56,0,sell
1766134410635,ETH-USDT,2955.57,0,sell
1766134410635,ETH-USDT,2955.6,0,sell
1766134410635,ETH-USDT,2955.66,0,sell
1766134410635,ETH-USDT,2955.72,0,sell
1766134410635,ETH-USDT,2955.72,0,sell
1766134410635,ETH-USDT,2955.77,0,sell
1766134410635,ETH-USDT,2955.79,0,sell
1766134410635,ETH-USDT,2955.81,0,sell
1766134410635,ETH-USDT,2955.84,0,sell
1766134410635,ETH-USDT,2955.88,0,sell
1766134410635,ETH-USDT,2955.9,0,sell
1766134410635,ETH-USDT,2955.96,0,sell
1766134410635,ETH-USDT,2955.98,0,sell
1766134410635,ETH-USDT,2956.0,0,sell
1766134410635,ETH-USDT,2956.04,0,sell
1766134410635,ETH-USDT,2956.12,0,sell
1766134410635,ETH-USDT,2956.14,0,sell
1766134410635,ETH-USDT,2956.16,0,sell
1766134410635,ETH-USDT,2956.17,0,sell
1766134410635,ETH-USDT,2956.2,0,sell
1766134410635,ETH-USDT,2956.21,0,sell
1766134410635,ETH-USDT,2956.24,0,sell
1766134410635,ETH-USDT,2956.25,0,sell
1766134410635,ETH-USDT,2956.34,0,sell
1766134410635,ETH-USDT,2956.35,0,sell
1766134410635,ETH-USDT,2956.36,0,sell
1766134410635,ETH-USDT,2956.45,0,sell
1766134410635,ETH-USDT,2956.5,0,sell
1766134409742,ETH-USDT,2956.5,0,sell
1766134409742,ETH-USDT,2956.5,0,sell
1766134409742,ETH-USDT,2956.5,0,sell
1766134409742,ETH-USDT,2956.52,0,sell
1766134409742,ETH-USDT,2956.54,0,sell
1766134409742,ETH-USDT,2956.55,0,sell
1766134409742,ETH-USDT,2956.59,0,sell
1766134409742,ETH-USDT,2956.6,0,sell
1766134409742,ETH-USDT,2956.62,0,sell
1766134409742,ETH-USDT,2956.65,0,sell
1766134409742,ETH-USDT,2956.67,0,sell
1766134409742,ETH-USDT,2956.7,0,sell
1766134409742,ETH-USDT,2956.71,0,sell
1766134409742,ETH-USDT,2956.71,0,sell
1766134409742,ETH-USDT,2956.72,0,sell
1766134409742,ETH-USDT,2956.73,0,sell
1766134409742,ETH-USDT,2956.77,0,sell
1766134409742,ETH-USDT,2956.8,0,sell
1766134409742,ETH-USDT,2956.85,0,sell
1766134409742,ETH-USDT,2956.89,0,sell
1766134409742,ETH-USDT,2956.93,0,sell
1766134409742,ETH-USDT,2957.0,0,sell
1766134409742,ETH-USDT,2957.03,0,sell
1766134409635,ETH-USDT,2957.03,0,sell
1766134409635,ETH-USDT,2957.03,0,sell
1766134409635,ETH-USDT,2957.03,0,sell
1766134409635,ETH-USDT,2957.03,0,sell
1766134409635,ETH-USDT,2957.08,0,sell
1766134409635,ETH-USDT,2957.09,0,sell
1766134409635,ETH-USDT,2957.14,0,sell
1766134409635,ETH-USDT,2957.15,0,sell
1766134409635,ETH-USDT,2957.24,0,sell
1766134409635,ETH-USDT,2957.3,0,sell
1766134409635,ETH-USDT,2957.31,0,sell
1766134409635,ETH-USDT,2957.33,0,sell
1766134409635,ETH-USDT,2957.34,0,sell
1766134409635,ETH-USDT,2957.35,0,sell
1766134409635,ETH-USDT,2957.37,0,sell
1766134409635,ETH-USDT,2957.4,0,sell
1766134409635,ETH-USDT,2957.42,0,sell
1766134408742,ETH-USDT,2957.42,0,sell
1766134408742,ETH-USDT,2957.42,0,sell
1766134408742,ETH-USDT,2957.42,0,sell
1766134408742,ETH-USDT,2957.47,0,sell
1766134408742,ETH-USDT,2957.5,0,sell
1766134408742,ETH-USDT,2957.51,0,sell
1766134408742,ETH-USDT,2957.54,0,sell
1766134408742,ETH-USDT,2957.55,0,sell
1766134408742,ETH-USDT,2957.66,0,sell
1766134408742,ETH-USDT,2957.68,0,sell
1766134408742,ETH-USDT,2957.69,0,sell
1766134408742,ETH-USDT,2957.69,0,sell
1766134408742,ETH-USDT,2957.74,0,sell
1766134408742,ETH-USDT,2957.77,0,sell
1766134408742,ETH-USDT,2957.82,0,sell
1766134408742,ETH-USDT,2957.84,0,sell
1766134408742,ETH-USDT,2957.86,0,sell
1766134408742,ETH-USDT,2957.89,0,sell
1766134408742,ETH-USDT,2957.92,0,sell
1766134408742,ETH-USDT,2957.93,0,sell
1766134408742,ETH-USDT,2957.99,0,sell
1766134408742,ETH-USDT,2958.0,0,sell
1766134408742,ETH-USDT,2958.04,0,sell
1766134408635,ETH-USDT,2958.04,0,sell
1766134408635,ETH-USDT,2958.05,0,sell
1766134408635,ETH-USDT,2958.06,0,sell
1766134408635,ETH-USDT,2958.12,0,sell
1766134408635,ETH-USDT,2958.13,0,sell
1766134408635,ETH-USDT,2958.14,0,sell
1766134408635,ETH-USDT,2958.17,0,sell
1766134408635,ETH-USDT,2958.18,0,sell
1766134408635,ETH-USDT,2958.29,0,sell
1766134408635,ETH-USDT,2958.33,0,sell
1766134408635,ETH-USDT,2958.5,0,sell
1766134408635,ETH-USDT,2958.53,0,sell
1766134408635,ETH-USDT,2958.56,0,sell
1766134408635,ETH-USDT,2958.62,0,sell
1766134408635,ETH-USDT,2958.63,0,sell
1766134408635,ETH-USDT,2958.69,0,sell
1766134408635,ETH-USDT,2958.73,0,sell
1766134408635,ETH-USDT,2958.75,0,sell
1766134408635,ETH-USDT,2958.77,0,sell
1766134408635,ETH-USDT,2958.8,0,sell
1766134408635,ETH-USDT,2958.84,0,sell
1766134408635,ETH-USDT,2958.86,0,sell
1766134408635,ETH-USDT,2958.87,0,sell
1766134408635,ETH-USDT,2958.91,0,sell
1766134408635,ETH-USDT,2958.91,0,sell
1766134408635,ETH-USDT,2958.91,0,sell
1766134408635,ETH-USDT,2958.91,0,sell
1766134408635,ETH-USDT,2958.98,0,sell
1766134408635,ETH-USDT,2959.0,0,sell
1766134408635,ETH-USDT,2959.02,0,sell
1766134408635,ETH-USDT,2959.08,0,sell
1766134408635,ETH-USDT,2959.1,0,sell
1766134408635,ETH-USDT,2959.23,0,sell
1766134408635,ETH-USDT,2959.25,0,sell
1766134408635,ETH-USDT,2959.28,0,sell
1766134408635,ETH-USDT,2959.31,0,sell
1766134408635,ETH-USDT,2959.44,0,sell
1766134408635,ETH-USDT,2959.5,0,sell
1766134408635,ETH-USDT,2959.59,0,sell
1766134408635,ETH-USDT,2959.61,0,sell
1766134408635,ETH-USDT,2959.65,0,sell
1766134408635,ETH-USDT,2959.66,0,sell
1766134408635,ETH-USDT,2959.69,0,sell
1766134408635,ETH-USDT,2959.73,0,sell
1766134408635,ETH-USDT,2959.75,0,sell
1766134408323,ETH-USDT,2964.0,0,buy
1766134407742,ETH-USDT,2959.75,0,sell
1766134407742,ETH-USDT,2959.75,0,sell
1766134407742,ETH-USDT,2959.78,0,sell
1766134407742,ETH-USDT,2959.83,0,sell
1766134407742,ETH-USDT,2959.89,0,sell
1766134407742,ETH-USDT,2959.93,0,sell
1766134407742,ETH-USDT,2959.97,0,sell
1766134407742,ETH-USDT,2959.98,0,sell
1766134407742,ETH-USDT,2959.99,0,sell
1766134407742,ETH-USDT,2959.99,0,sell
1766134407742,ETH-USDT,2959.99,0,sell
1766134407742,ETH-USDT,2960.0,0,sell
1766134407635,ETH-USDT,2960.0,0,sell
1766134407635,ETH-USDT,2960.0,0,sell
1766134407635,ETH-USDT,2960.0,0,sell
1766134407635,ETH-USDT,2960.03,0,sell
1766134407635,ETH-USDT,2960.05,0,sell
1766134407635,ETH-USDT,2960.1,0,sell
1766134407635,ETH-USDT,2960.18,0,sell
1766134407635,ETH-USDT,2960.19,0,sell
1766134407635,ETH-USDT,2960.24,0,sell
1766134407635,ETH-USDT,2960.27,0,sell
1766134407635,ETH-USDT,2960.32,0,sell
1766134407635,ETH-USDT,2960.34,0,sell
1766134407635,ETH-USDT,2960.34,0,sell
1766134407635,ETH-USDT,2960.37,0,sell
1766134407635,ETH-USDT,2960.38,0,sell
1766134407635,ETH-USDT,2960.4,0,sell
1766134407635,ETH-USDT,2960.45,0,sell
1766134407635,ETH-USDT,2960.48,0,sell
1766134407635,ETH-USDT,2960.52,0,sell
1766134407635,ETH-USDT,2960.63,0,sell
1766134407635,ETH-USDT,2960.67,0,sell
1766134407635,ETH-USDT,2960.68,0,sell
1766134407635,ETH-USDT,2960.7,0,sell
1766134407635,ETH-USDT,2960.71,0,sell
1766134407635,ETH-USDT,2960.73,0,sell
1766134407635,ETH-USDT,2960.75,0,sell
1766134407635,ETH-USDT,2960.8,0,sell
1766134407635,ETH-USDT,2960.81,0,sell
1766134407635,ETH-USDT,2960.86,0,sell
1766134407635,ETH-USDT,2960.88,0,sell
1766134407635,ETH-USDT,2960.89,0,sell
1766134407635,ETH-USDT,2960.91,0,sell
1766134407635,ETH-USDT,2960.97,0,sell
1766134407635,ETH-USDT,2960.99,0,sell
1766134407635,ETH-USDT,2961.0,0,sell
1766134407635,ETH-USDT,2961.05,0,sell
1766134407635,ETH-USDT,2961.15,0,sell
1766134407635,ETH-USDT,2961.17,0,sell
1766134407635,ETH-USDT,2961.21,0,sell
1766134407635,ETH-USDT,2961.27,0,sell
1766134407635,ETH-USDT,2961.32,0,sell
1766134407635,ETH-USDT,2961.37,0,sell
1766134407635,ETH-USDT,2961.39,0,sell
1766134407635,ETH-USDT,2961.4,0,sell
1766134407635,ETH-USDT,2961.41,0,sell
1766134407635,ETH-USDT,2961.42,0,sell
1766134407635,ETH-USDT,2961.43,0,sell
1766134407635,ETH-USDT,2961.44,0,sell
1766134407635,ETH-USDT,2961.45,0,sell
1766134407635,ETH-USDT,2961.52,0,sell
1766134407635,ETH-USDT,2961.53,0,sell
1766134407635,ETH-USDT,2961.54,0,sell
1766134407635,ETH-USDT,2961.6,0,sell
1766134407635,ETH-USDT,2961.74,0,sell
1766134407635,ETH-USDT,2961.77,0,sell
1766134407635,ETH-USDT,2961.8,0,sell
1766134407635,ETH-USDT,2961.82,0,sell
1766134407635,ETH-USDT,2961.84,0,sell
1766134407635,ETH-USDT,2961.99,0,sell
1766134407635,ETH-USDT,2962.0,0,sell
1766134406742,ETH-USDT,2962.0,0,sell
1766134406742,ETH-USDT,2962.05,0,sell
1766134406742,ETH-USDT,2962.08,0,sell
1766134406742,ETH-USDT,2962.09,0,sell
1766134406742,ETH-USDT,2962.12,0,sell
1766134406742,ETH-USDT,2962.12,0,sell
1766134406742,ETH-USDT,2962.12,0,sell
1766134406742,ETH-USDT,2962.18,0,sell
1766134406742,ETH-USDT,2962.19,0,sell
1766134406742,ETH-USDT,2962.24,0,sell
1766134406742,ETH-USDT,2962.25,0,sell
1766134406742,ETH-USDT,2962.32,0,sell
1766134406742,ETH-USDT,2962.4,0,sell
1766134406742,ETH-USDT,2962.5,0,sell
1766134406742,ETH-USDT,2962.55,0,sell
1766134406742,ETH-USDT,2962.55,0,sell
1766134406742,ETH-USDT,2962.56,0,sell
1766134406742,ETH-USDT,2962.58,0,sell
1766134406742,ETH-USDT,2962.6,0,sell
1766134406742,ETH-USDT,2962.61,0,sell
1766134406742,ETH-USDT,2962.63,0,sell
1766134406742,ETH-USDT,2962.66,0,sell
1766134406742,ETH-USDT,2962.67,0,sell
1766134406742,ETH-USDT,2962.81,0,sell
1766134406742,ETH-USDT,2962.86,0,sell
1766134406742,ETH-USDT,2962.87,0,sell
1766134406742,ETH-USDT,2962.88,0,sell
1766134406742,ETH-USDT,2962.96,0,sell
1766134406742,ETH-USDT,2962.99,0,sell
1766134406742,ETH-USDT,2963.0,0,sell
1766134406742,ETH-USDT,2963.03,0,sell
1766134406742,ETH-USDT,2963.12,0,sell
1766134406742,ETH-USDT,2963.17,0,sell
1766134406742,ETH-USDT,2963.2,0,sell
1766134406635,ETH-USDT,2963.2,0,sell
1766134406635,ETH-USDT,2963.29,0,sell
1766134406635,ETH-USDT,2963.31,0,sell
1766134406635,ETH-USDT,2963.33,0,sell
1766134406635,ETH-USDT,2963.34,0,sell
1766134406635,ETH-USDT,2963.38,0,sell
1766134406635,ETH-USDT,2963.4,0,sell
1766134406635,ETH-USDT,2963.42,0,sell
1766134406635,ETH-USDT,2963.46,0,sell
1766134406635,ETH-USDT,2963.47,0,sell
1766134406635,ETH-USDT,2963.49,0,sell
1766134406635,ETH-USDT,2963.5,0,sell
1766134406635,ETH-USDT,2963.51,0,sell
1766134406635,ETH-USDT,2963.56,0,sell
1766134406635,ETH-USDT,2963.57,0,sell
1766134406635,ETH-USDT,2963.58,0,sell
1766134406635,ETH-USDT,2963.6,0,sell
1766134406635,ETH-USDT,2963.63,0,sell
1766134406635,ETH-USDT,2963.69,0,sell
1766134406635,ETH-USDT,2963.74,0,sell
1766134406635,ETH-USDT,2963.75,0,sell
1766134406635,ETH-USDT,2963.84,0,sell
1766134406635,ETH-USDT,2963.91,0,sell
1766134406635,ETH-USDT,2963.94,0,sell
1766134406635,ETH-USDT,2963.95,0,sell
1766134406635,ETH-USDT,2963.99,0,sell
1766134406635,ETH-USDT,2964.0,0,sell
1766134406635,ETH-USDT,2964.08,0,sell
1766134406635,ETH-USDT,2964.09,0,sell
1766134406635,ETH-USDT,2964.09,0,sell
1766134406635,ETH-USDT,2964.09,0,sell
1766134406635,ETH-USDT,2964.17,0,sell
1766134406635,ETH-USDT,2964.19,0,sell
1766134406635,ETH-USDT,2964.21,0,sell
1766134406635,ETH-USDT,2964.22,0,sell
1766134406635,ETH-USDT,2964.23,0,sell
1766134406635,ETH-USDT,2964.26,0,sell
1766134406635,ETH-USDT,2964.28,0,sell
1766134406635,ETH-USDT,2964.32,0,sell
1766134406635,ETH-USDT,2964.36,0,sell
1766134406635,ETH-USDT,2964.38,0,sell
1766134406635,ETH-USDT,2964.43,0,sell
1766134406635,ETH-USDT,2964.5,0,sell
1766134406635,ETH-USDT,2964.51,0,sell
1766134406635,ETH-USDT,2964.56,0,sell
1766134406635,ETH-USDT,2964.58,0,sell
1766134406635,ETH-USDT,2964.63,0,sell
1766134406635,ETH-USDT,2964.7,0,sell
1766134406635,ETH-USDT,2964.72,0,sell
1766134406635,ETH-USDT,2964.75,0,sell
1766134406635,ETH-USDT,2964.77,0,sell
1766134406635,ETH-USDT,2964.83,0,sell
1766134406635,ETH-USDT,2964.89,0,sell
1766134406635,ETH-USDT,2964.9,0,sell
1766134406635,ETH-USDT,2964.93,0,sell
1766134406635,ETH-USDT,2964.99,0,sell
1766134406635,ETH-USDT,2965.0,0,sell
1766134406635,ETH-USDT,2965.02,0,sell
1766134406635,ETH-USDT,2965.1,0,sell
1766134406635,ETH-USDT,2965.15,0,sell
1766134406635,ETH-USDT,2965.21,0,sell
1766134406635,ETH-USDT,2965.27,0,sell
1766134406635,ETH-USDT,2965.33,0,sell
1766134406635,ETH-USDT,2965.45,0,sell
1766134406635,ETH-USDT,2965.51,0,sell
1766134406635,ETH-USDT,2965.57,0,sell
1766134406635,ETH-USDT,2965.6,0,sell
1766134406635,ETH-USDT,2965.67,0,sell
1766134406635,ETH-USDT,2965.69,0,sell
1766134406635,ETH-USDT,2965.71,0,sell
1766134406635,ETH-USDT,2965.77,0,sell
1766134406635,ETH-USDT,2965.81,0,sell
1766134406635,ETH-USDT,2965.84,0,sell
1766134406635,ETH-USDT,2965.85,0,sell
1766134406635,ETH-USDT,2965.88,0,sell
1766134406635,ETH-USDT,2965.91,0,sell
1766134406635,ETH-USDT,2966.0,0,sell
1766134406635,ETH-USDT,2966.04,0,sell
1766134406635,ETH-USDT,2966.09,0,sell
1766134406635,ETH-USDT,2966.12,0,sell
1766134406635,ETH-USDT,2966.14,0,sell
1766134406635,ETH-USDT,2966.15,0,sell
1766134406635,ETH-USDT,2966.19,0,sell
1766134406635,ETH-USDT,2966.22,0,sell
1766134406635,ETH-USDT,2966.23,0,sell
1766134406635,ETH-USDT,2966.25,0,sell
1766134406635,ETH-USDT,2966.29,0,sell
1766134406635,ETH-USDT,2966.34,0,sell
1766134406635,ETH-USDT,2966.4,0,sell
1766134406635,ETH-USDT,2966.42,0,sell
1766134406635,ETH-USDT,2966.44,0,sell
1766134406635,ETH-USDT,2966.45,0,sell
1766134406635,ETH-USDT,2966.47,0,sell
1766134406635,ETH-USDT,2966.49,0,sell
1766134406635,ETH-USDT,2966.5,0,sell
1766134406635,ETH-USDT,2966.57,0,sell
1766134406635,ETH-USDT,2966.59,0,sell
1766134406635,ETH-USDT,2966.6,0,sell
1766134406635,ETH-USDT,2966.61,0,sell
1766134406635,ETH-USDT,2966.66,0,sell
1766134406635,ETH-USDT,2966.66,0,sell
1766134406635,ETH-USDT,2966.67,0,sell
1766134405742,ETH-USDT,2966.67,0,sell
1766134405742,ETH-USDT,2966.72,0,sell
1766134405742,ETH-USDT,2966.72,0,sell
1766134405742,ETH-USDT,2966.72,0,sell
1766134405742,ETH-USDT,2966.8,0,sell
1766134405742,ETH-USDT,2966.84,0,sell
1766134405742,ETH-USDT,2966.9,0,sell
1766134405742,ETH-USDT,2966.94,0,sell
1766134405742,ETH-USDT,2967.05,0,sell
1766134405742,ETH-USDT,2967.07,0,sell
1766134405742,ETH-USDT,2967.13,0,sell
1766134405742,ETH-USDT,2967.2,0,sell
1766134405742,ETH-USDT,2967.22,0,sell
1766134405742,ETH-USDT,2967.27,0,sell
1766134405742,ETH-USDT,2967.34,0,sell
1766134405742,ETH-USDT,2967.37,0,sell
1766134405742,ETH-USDT,2967.44,0,sell
1766134405742,ETH-USDT,2967.48,0,sell
1766134405742,ETH-USDT,2967.5,0,sell
1766134405742,ETH-USDT,2967.54,0,sell
1766134405742,ETH-USDT,2967.55,0,sell
1766134405742,ETH-USDT,2967.59,0,sell
1766134405742,ETH-USDT,2967.64,0,sell
1766134405742,ETH-USDT,2967.67,0,sell
1766134405742,ETH-USDT,2967.72,0,sell
1766134405742,ETH-USDT,2967.82,0,sell
1766134405742,ETH-USDT,2967.86,0,sell
1766134405742,ETH-USDT,2967.92,0,sell
1766134405742,ETH-USDT,2967.94,0,sell
1766134405742,ETH-USDT,2968.0,0,sell
1766134405742,ETH-USDT,2968.08,0,sell
1766134405742,ETH-USDT,2968.09,0,sell
1766134405742,ETH-USDT,2968.17,0,sell
1766134405742,ETH-USDT,2968.23,0,sell
1766134405742,ETH-USDT,2968.23,0,sell
1766134405742,ETH-USDT,2968.27,0,sell
1766134405742,ETH-USDT,2968.31,0,sell
1766134405742,ETH-USDT,2968.33,0,sell
1766134405742,ETH-USDT,2968.36,0,sell
1766134405742,ETH-USDT,2968.39,0,sell
1766134405742,ETH-USDT,2968.4,0,sell
1766134405742,ETH-USDT,2968.42,0,sell
1766134405742,ETH-USDT,2968.46,0,sell
1766134405742,ETH-USDT,2968.5,0,sell
1766134405635,ETH-USDT,2968.5,0,sell
1766134405635,ETH-USDT,2968.62,0,sell
1766134405635,ETH-USDT,2968.75,0,sell
1766134405635,ETH-USDT,2968.8,0,sell
1766134405635,ETH-USDT,2968.85,0,sell
1766134405635,ETH-USDT,2968.86,0,sell
1766134405635,ETH-USDT,2968.88,0,sell
1766134405635,ETH-USDT,2968.89,0,sell
1766134405635,ETH-USDT,2968.94,0,sell
1766134405635,ETH-USDT,2968.97,0,sell
1766134405635,ETH-USDT,2969.0,0,sell
1766134405635,ETH-USDT,2969.04,0,sell
1766134405635,ETH-USDT,2969.14,0,sell
1766134405635,ETH-USDT,2969.18,0,sell
1766134405635,ETH-USDT,2969.24,0,sell
1766134405635,ETH-USDT,2969.28,0,sell
1766134405635,ETH-USDT,2969.28,0,sell
1766134405635,ETH-USDT,2969.31,0,sell
1766134405635,ETH-USDT,2969.38,0,sell
1766134405635,ETH-USDT,2969.38,0,sell
1766134405635,ETH-USDT,2969.42,0,sell
1766134405635,ETH-USDT,2969.46,0,sell
1766134405635,ETH-USDT,2969.5,0,sell
1766134405635,ETH-USDT,2969.54,0,sell
1766134405635,ETH-USDT,2969.57,0,sell
1766134405635,ETH-USDT,2969.6,0,sell
1766134405635,ETH-USDT,2969.68,0,sell
1766134405635,ETH-USDT,2969.76,0,sell
1766134405635,ETH-USDT,2969.78,0,sell
1766134405635,ETH-USDT,2969.95,0,sell
1766134405635,ETH-USDT,2969.99,0,sell
1766134405635,ETH-USDT,2970.0,0,sell
1766134405635,ETH-USDT,2970.02,0,sell
1766134405635,ETH-USDT,2970.1,0,sell
1766134405635,ETH-USDT,2970.14,0,sell
1766134405635,ETH-USDT,2970.17,0,sell
1766134405635,ETH-USDT,2970.25,0,sell
1766134405635,ETH-USDT,2970.29,0,sell
1766134405635,ETH-USDT,2970.32,0,sell
1766134405635,ETH-USDT,2970.37,0,sell
1766134405635,ETH-USDT,2970.4,0,sell
1766134405635,ETH-USDT,2970.58,0,sell
1766134405635,ETH-USDT,2970.6,0,sell
1766134405635,ETH-USDT,2970.66,0,sell
1766134405635,ETH-USDT,2970.71,0,sell
1766134405635,ETH-USDT,2970.73,0,sell
1766134405635,ETH-USDT,2970.91,0,sell
1766134405635,ETH-USDT,2971.03,0,sell
1766134405635,ETH-USDT,2971.06,0,sell
1766134405635,ETH-USDT,2971.13,0,sell
1766134405635,ETH-USDT,2971.15,0,sell
1766134405635,ETH-USDT,2971.2,0,sell
1766134405635,ETH-USDT,2971.24,0,sell
1766134405635,ETH-USDT,2971.25,0,sell
1766134405635,ETH-USDT,2971.26,0,sell
1766134405635,ETH-USDT,2971.29,0,sell
1766134405635,ETH-USDT,2971.3,0,sell
1766134405635,ETH-USDT,2971.49,0,sell
1766134405635,ETH-USDT,2971.76,0,sell
1766134405635,ETH-USDT,2971.91,0,sell
1766134405635,ETH-USDT,2972.0,0,sell
1766134405635,ETH-USDT,2972.2,0,sell
1766134405635,ETH-USDT,2972.41,0,sell
1766134405635,ETH-USDT,2972.45,0,sell
1766134405635,ETH-USDT,2972.5,0,sell
1766134405635,ETH-USDT,2972.56,0,sell
1766134405635,ETH-USDT,2972.61,0,sell
1766134405635,ETH-USDT,2972.66,0,sell
1766134405635,ETH-USDT,2972.81,0,sell
1766134405635,ETH-USDT,2973.0,0,sell
1766134405635,ETH-USDT,2973.01,0,sell
1766134405635,ETH-USDT,2973.17,0,sell
1766134405635,ETH-USDT,2973.27,0,sell
1766134405635,ETH-USDT,2973.33,0,sell
1766134405635,ETH-USDT,2973.33,0,sell
1766134405635,ETH-USDT,2973.6,0,sell
1766134405635,ETH-USDT,2973.69,0,sell
1766134405635,ETH-USDT,2974.04,0,sell
1766134405635,ETH-USDT,2974.2,0,sell
1766134405635,ETH-USDT,2974.42,0,sell
1766134405635,ETH-USDT,2974.48,0,sell
1766134405465,ETH-USDT,2980.0,0,buy
1766134405463,ETH-USDT,2980.0,0,buy
1766134405462,ETH-USDT,2980.0,0,buy
1766134405462,ETH-USDT,2980.0,0,buy
1766134405406,ETH-USDT,2980.0,0,buy
1766134405405,ETH-USDT,2974.48,0,sell
1766134405405,ETH-USDT,2980.0,0,buy
1766134405404,ETH-USDT,2980.0,0,buy
1766134405403,ETH-USDT,2980.0,0,buy
1766134405403,ETH-USDT,2980.0,0,buy
1766134405401,ETH-USDT,2980.0,0,buy
1766134405399,ETH-USDT,2980.0,0,buy
1766134405399,ETH-USDT,2980.0,0,buy
1766134405398,ETH-USDT,2980.0,0,buy
1766134405398,ETH-USDT,2980.0,0,buy
1766134405398,ETH-USDT,2980.0,0,buy
1766134405384,ETH-USDT,2980.0,0,buy
1766134405384,ETH-USDT,2979.99,0,buy
1766134405384,ETH-USDT,2979.96,0,buy
1766134405384,ETH-USDT,2979.94,0,buy
1766134405384,ETH-USDT,2979.9,0,buy
1766134405384,ETH-USDT,2979.89,0,buy
1766134405384,ETH-USDT,2979.84,0,buy
1766134405384,ETH-USDT,2979.82,0,buy
1766134405384,ETH-USDT,2979.79,0,buy
1766134405384,ETH-USDT,2979.75,0,buy
1766134405384,ETH-USDT,2979.71,0,buy
1766134405384,ETH-USDT,2979.69,0,buy
1766134405384,ETH-USDT,2979.68,0,buy
1766134405384,ETH-USDT,2979.66,0,buy
1766134405384,ETH-USDT,2979.63,0,buy
1766134405384,ETH-USDT,2979.62,0,buy
1766134405384,ETH-USDT,2979.6,0,buy
1766134405384,ETH-USDT,2979.59,0,buy
1766134405384,ETH-USDT,2979.55,0,buy
1766134405384,ETH-USDT,2979.5,0,buy
1766134405384,ETH-USDT,2979.48,0,buy
1766134405384,ETH-USDT,2979.43,0,buy
1766134405384,ETH-USDT,2979.42,0,buy
1766134405384,ETH-USDT,2979.41,0,buy
1766134405384,ETH-USDT,2979.38,0,buy
1766134405384,ETH-USDT,2979.35,0,buy
1766134405384,ETH-USDT,2979.33,0,buy
1766134405384,ETH-USDT,2979.31,0,buy
1766134405384,ETH-USDT,2979.3,0,buy
1766134405384,ETH-USDT,2979.28,0,buy
1766134405384,ETH-USDT,2979.25,0,buy
1766134405384,ETH-USDT,2979.2,0,buy
1766134405384,ETH-USDT,2979.16,0,buy
1766134405384,ETH-USDT,2979.13,0,buy
1766134405384,ETH-USDT,2979.12,0,buy
1766134405384,ETH-USDT,2979.11,0,buy
1766134405384,ETH-USDT,2979.08,0,buy
1766134405384,ETH-USDT,2979.04,0,buy
1766134405384,ETH-USDT,2979.02,0,buy
1766134405384,ETH-USDT,2979.01,0,buy
1766134405384,ETH-USDT,2979.0,0,buy
1766134405384,ETH-USDT,2978.99,0,buy
1766134405384,ETH-USDT,2978.97,0,buy
1766134405384,ETH-USDT,2978.95,0,buy
1766134405384,ETH-USDT,2978.94,0,buy
1766134405384,ETH-USDT,2978.9,0,buy
1766134405384,ETH-USDT,2978.88,0,buy
1766134405384,ETH-USDT,2978.84,0,buy
1766134405384,ETH-USDT,2978.8,0,buy
1766134405384,ETH-USDT,2978.77,0,buy
1766134405384,ETH-USDT,2978.75,0,buy
1766134405384,ETH-USDT,2978.7,0,buy
1766134405384,ETH-USDT,2978.69,0,buy
1766134405384,ETH-USDT,2978.67,0,buy
1766134405384,ETH-USDT,2978.66,0,buy
1766134405384,ETH-USDT,2978.65,0,buy
1766134405384,ETH-USDT,2978.63,0,buy
1766134405384,ETH-USDT,2978.61,0,buy
1766134405384,ETH-USDT,2978.6,0,buy
1766134405384,ETH-USDT,2978.59,0,buy
1766134405384,ETH-USDT,2978.58,0,buy
1766134405384,ETH-USDT,2978.57,0,buy
1766134405384,ETH-USDT,2978.56,0,buy
1766134405384,ETH-USDT,2978.54,0,buy
1766134405384,ETH-USDT,2978.51,0,buy
1766134405384,ETH-USDT,2978.49,0,buy
1766134405384,ETH-USDT,2978.46,0,buy
1766134405384,ETH-USDT,2978.44,0,buy
1766134405384,ETH-USDT,2978.43,0,buy
1766134405384,ETH-USDT,2978.42,0,buy
1766134405384,ETH-USDT,2978.41,0,buy
1766134405384,ETH-USDT,2978.4,0,buy
1766134405384,ETH-USDT,2978.37,0,buy
1766134405384,ETH-USDT,2978.36,0,buy
1766134405384,ETH-USDT,2978.35,0,buy
1766134405384,ETH-USDT,2978.32,0,buy
1766134405384,ETH-USDT,2978.29,0,buy
1766134405384,ETH-USDT,2978.27,0,buy
1766134405384,ETH-USDT,2978.26,0,buy
1766134405384,ETH-USDT,2978.19,0,buy
1766134405384,ETH-USDT,2978.18,0,buy
1766134405384,ETH-USDT,2978.17,0,buy
1766134405384,ETH-USDT,2978.14,0,buy
1766134405384,ETH-USDT,2978.07,0,buy
1766134405384,ETH-USDT,2978.05,0,buy
1766134405384,ETH-USDT,2978.03,0,buy
1766134405384,ETH-USDT,2978.0,0,buy
1766134405384,ETH-USDT,2977.98,0,buy
1766134405384,ETH-USDT,2977.95,0,buy
1766134405384,ETH-USDT,2977.93,0,buy
1766134405384,ETH-USDT,2977.92,0,buy
1766134405384,ETH-USDT,2977.91,0,buy
1766134405384,ETH-USDT,2977.85,0,buy
1766134405384,ETH-USDT,2977.84,0,buy
1766134405384,ETH-USDT,2977.81,0,buy
1766134405384,ETH-USDT,2977.79,0,buy
1766134405384,ETH-USDT,2977.77,0,buy
1766134405384,ETH-USDT,2977.75,0,buy
1766134405384,ETH-USDT,2977.72,0,buy
1766134405384,ETH-USDT,2977.7,0,buy
1766134405384,ETH-USDT,2977.64,0,buy
1766134405384,ETH-USDT,2977.58,0,buy
1766134405384,ETH-USDT,2977.57,0,buy
1766134405384,ETH-USDT,2977.54,0,buy
1766134405384,ETH-USDT,2977.52,0,buy
1766134405384,ETH-USDT,2977.51,0,buy
1766134405384,ETH-USDT,2977.5,0,buy
1766134405384,ETH-USDT,2977.49,0,buy
1766134405384,ETH-USDT,2977.45,0,buy
1766134405384,ETH-USDT,2977.41,0,buy
1766134405384,ETH-USDT,2977.4,0,buy
1766134405384,ETH-USDT,2977.38,0,buy
1766134405384,ETH-USDT,2977.37,0,buy
1766134405384,ETH-USDT,2977.36,0,buy
1766134405384,ETH-USDT,2977.33,0,buy
1766134405384,ETH-USDT,2977.31,0,buy
1766134405384,ETH-USDT,2977.24,0,buy
1766134405384,ETH-USDT,2977.23,0,buy
1766134405384,ETH-USDT,2977.18,0,buy
1766134405384,ETH-USDT,2977.14,0,buy
1766134405384,ETH-USDT,2977.09,0,buy
1766134405384,ETH-USDT,2977.08,0,buy
1766134405384,ETH-USDT,2977.07,0,buy
1766134405384,ETH-USDT,2977.05,0,buy
1766134405384,ETH-USDT,2977.0,0,buy
1766134405384,ETH-USDT,2976.98,0,buy
1766134405384,ETH-USDT,2976.95,0,buy
1766134405384,ETH-USDT,2976.93,0,buy
1766134405384,ETH-USDT,2976.91,0,buy
1766134405384,ETH-USDT,2976.9,0,buy
1766134405384,ETH-USDT,2976.89,0,buy
1766134405384,ETH-USDT,2976.82,0,buy
1766134405384,ETH-USDT,2976.81,0,buy
1766134405384,ETH-USDT,2976.78,0,buy
1766134405384,ETH-USDT,2976.77,0,buy
1766134405384,ETH-USDT,2976.76,0,buy
1766134405384,ETH-USDT,2976.72,0,buy
1766134405384,ETH-USDT,2976.71,0,buy
1766134405384,ETH-USDT,2976.7,0,buy
1766134405384,ETH-USDT,2976.69,0,buy
1766134405384,ETH-USDT,2976.68,0,buy
1766134405384,ETH-USDT,2976.66,0,buy
1766134405384,ETH-USDT,2976.64,0,buy
1766134405384,ETH-USDT,2976.62,0,buy
1766134405384,ETH-USDT,2976.61,0,buy
1766134405384,ETH-USDT,2976.54,0,buy
1766134405384,ETH-USDT,2976.53,0,buy
1766134405384,ETH-USDT,2976.5,0,buy
1766134405384,ETH-USDT,2976.47,0,buy
1766134405384,ETH-USDT,2976.46,0,buy
1766134405384,ETH-USDT,2976.43,0,buy
1766134405384,ETH-USDT,2976.42,0,buy
1766134405384,ETH-USDT,2976.41,0,buy
1766134405384,ETH-USDT,2976.4,0,buy
1766134405384,ETH-USDT,2976.38,0,buy
1766134405384,ETH-USDT,2976.37,0,buy
1766134405384,ETH-USDT,2976.34,0,buy
1766134405384,ETH-USDT,2976.33,0,buy
1766134405384,ETH-USDT,2976.32,0,buy
1766134405384,ETH-USDT,2976.3,0,buy
1766134405384,ETH-USDT,2976.25,0,buy
1766134405384,ETH-USDT,2976.22,0,buy
1766134405384,ETH-USDT,2976.19,0,buy
1766134405384,ETH-USDT,2976.17,0,buy
1766134405384,ETH-USDT,2976.1,0,buy
1766134405384,ETH-USDT,2976.05,0,buy
1766134405384,ETH-USDT,2976.0,0,buy
1766134405384,ETH-USDT,2975.99,0,buy
1766134405384,ETH-USDT,2975.98,0,buy
1766134405384,ETH-USDT,2975.97,0,buy
1766134405384,ETH-USDT,2975.96,0,buy
1766134405384,ETH-USDT,2975.95,0,buy
1766134405384,ETH-USDT,2975.91,0,buy
1766134405384,ETH-USDT,2975.9,0,buy
1766134405384,ETH-USDT,2975.89,0,buy
1766134405384,ETH-USDT,2975.87,0,buy
1766134405384,ETH-USDT,2975.86,0,buy
1766134405384,ETH-USDT,2975.81,0,buy
1766134405384,ETH-USDT,2975.77,0,buy
1766134405384,ETH-USDT,2975.7,0,buy
1766134405384,ETH-USDT,2975.68,0,buy
1766134405384,ETH-USDT,2975.61,0,buy
1766134405384,ETH-USDT,2975.59,0,buy
1766134405384,ETH-USDT,2975.58,0,buy
1766134405384,ETH-USDT,2975.56,0,buy
1766134405384,ETH-USDT,2975.55,0,buy
1766134405384,ETH-USDT,2975.5,0,buy
1766134405384,ETH-USDT,2975.45,0,buy
1766134405384,ETH-USDT,2975.44,0,buy
1766134405384,ETH-USDT,2975.39,0,buy
1766134405384,ETH-USDT,2975.38,0,buy
1766134405384,ETH-USDT,2975.36,0,buy
1766134405384,ETH-USDT,2975.34,0,buy
1766134405384,ETH-USDT,2975.28,0,buy
1766134405384,ETH-USDT,2975.25,0,buy
1766134405384,ETH-USDT,2975.24,0,buy
1766134405384,ETH-USDT,2975.2,0,buy
1766134405384,ETH-USDT,2975.19,0,buy
1766134405384,ETH-USDT,2975.12,0,buy
1766134405384,ETH-USDT,2975.11,0,buy
1766134405384,ETH-USDT,2975.1,0,buy
1766134405384,ETH-USDT,2975.09,0,buy
1766134405384,ETH-USDT,2975.05,0,buy
1766134405384,ETH-USDT,2975.04,0,buy
1766134405384,ETH-USDT,2975.03,0,buy
1766134405384,ETH-USDT,2975.0,0,buy
1766134405384,ETH-USDT,2974.99,0,buy
1766134405384,ETH-USDT,2974.89,0,buy
1766134405384,ETH-USDT,2974.88,0,buy
1766134405384,ETH-USDT,2974.86,0,buy
1766134405384,ETH-USDT,2974.84,0,buy
1766134405384,ETH-USDT,2974.68,0,buy
1766134405384,ETH-USDT,2974.61,0,buy
1766134405384,ETH-USDT,2974.5,0,buy
1766134405384,ETH-USDT,2974.48,0,buy
1766134405384,ETH-USDT,2974.42,0,buy
1766134405384,ETH-USDT,2974.41,0,buy
1766134405384,ETH-USDT,2974.4,0,buy
1766134405384,ETH-USDT,2974.35,0,buy
1766134405384,ETH-USDT,2974.31,0,buy
1766134405384,ETH-USDT,2974.3,0,buy
1766134405384,ETH-USDT,2974.23,0,buy
1766134405384,ETH-USDT,2974.2,0,buy
1766134405384,ETH-USDT,2974.19,0,buy
1766134405384,ETH-USDT,2974.01,0,buy
1766134405384,ETH-USDT,2974.0,0,buy
1766134405384,ETH-USDT,2973.91,0,buy
1766134405384,ETH-USDT,2973.84,0,buy
1766134405384,ETH-USDT,2973.83,0,buy
1766134405384,ETH-USDT,2973.75,0,buy
1766134405384,ETH-USDT,2973.74,0,buy
1766134405384,ETH-USDT,2973.69,0,buy
1766134405384,ETH-USDT,2973.68,0,buy
1766134405384,ETH-USDT,2973.6,0,buy
1766134405384,ETH-USDT,2973.59,0,buy
1766134405384,ETH-USDT,2973.53,0,buy
1766134405384,ETH-USDT,2973.49,0,buy
1766134405384,ETH-USDT,2973.33,0,buy
1766134405384,ETH-USDT,2973.28,0,buy
1766134405384,ETH-USDT,2973.27,0,buy
1766134405384,ETH-USDT,2973.25,0,buy
1766134405384,ETH-USDT,2973.21,0,buy
1766134405384,ETH-USDT,2973.17,0,buy
1766134405384,ETH-USDT,2973.16,0,buy
1766134405384,ETH-USDT,2973.01,0,buy
1766134405384,ETH-USDT,2973.0,0,buy
1766134405384,ETH-USDT,2972.94,0,buy
1766134405384,ETH-USDT,2972.81,0,buy
1766134405384,ETH-USDT,2972.77,0,buy
1766134405384,ETH-USDT,2972.76,0,buy
1766134405384,ETH-USDT,2972.72,0,buy
1766134405384,ETH-USDT,2972.66,0,buy
1766134405384,ETH-USDT,2972.61,0,buy
1766134405384,ETH-USDT,2972.58,0,buy
1766134405384,ETH-USDT,2972.56,0,buy
1766134405384,ETH-USDT,2972.54,0,buy
1766134405384,ETH-USDT,2972.5,0,buy
1766134405384,ETH-USDT,2972.45,0,buy
1766134405384,ETH-USDT,2972.43,0,buy
1766134405384,ETH-USDT,2972.41,0,buy
1766134405384,ETH-USDT,2972.23,0,buy
1766134405384,ETH-USDT,2972.21,0,buy
1766134405384,ETH-USDT,2972.2,0,buy
1766134405384,ETH-USDT,2972.11,0,buy
1766134405384,ETH-USDT,2972.06,0,buy
1766134405384,ETH-USDT,2972.0,0,buy
1766134405384,ETH-USDT,2971.94,0,buy
1766134405384,ETH-USDT,2971.91,0,buy
1766134405384,ETH-USDT,2971.9,0,buy
1766134405384,ETH-USDT,2971.8,0,buy
1766134405384,ETH-USDT,2971.76,0,buy
1766134405384,ETH-USDT,2971.67,0,buy
1766134405384,ETH-USDT,2971.49,0,buy
1766134405384,ETH-USDT,2971.3,0,buy
1766134405384,ETH-USDT,2971.29,0,buy
1766134405384,ETH-USDT,2971.26,0,buy
1766134405384,ETH-USDT,2971.25,0,buy
1766134405384,ETH-USDT,2971.24,0,buy
1766134405384,ETH-USDT,2971.23,0,buy
1766134405384,ETH-USDT,2971.2,0,buy
1766134405384,ETH-USDT,2971.16,0,buy
1766134405384,ETH-USDT,2971.15,0,buy
1766134405384,ETH-USDT,2971.14,0,buy
1766134405384,ETH-USDT,2971.13,0,buy
1766134405384,ETH-USDT,2971.05,0,buy
1766134405384,ETH-USDT,2971.03,0,buy
1766134405384,ETH-USDT,2971.02,0,buy
1766134405384,ETH-USDT,2971.01,0,buy
1766134405384,ETH-USDT,2971.0,0,buy
1766134405384,ETH-USDT,2970.96,0,buy
1766134405384,ETH-USDT,2970.94,0,buy
1766134405384,ETH-USDT,2970.91,0,buy
1766134405384,ETH-USDT,2970.73,0,buy
1766134405384,ETH-USDT,2970.71,0,buy
1766134405384,ETH-USDT,2970.66,0,buy
1766134405384,ETH-USDT,2970.61,0,buy
1766134405384,ETH-USDT,2970.6,0,buy
1766134405384,ETH-USDT,2970.58,0,buy
1766134405384,ETH-USDT,2970.4,0,buy
1766134405384,ETH-USDT,2970.37,0,buy
1766134405384,ETH-USDT,2970.29,0,buy
1766134405384,ETH-USDT,2970.25,0,buy
1766134405384,ETH-USDT,2970.17,0,buy
1766134405384,ETH-USDT,2970.14,0,buy
1766134405384,ETH-USDT,2970.1,0,buy
1766134405384,ETH-USDT,2970.02,0,buy
1766134405384,ETH-USDT,2970.0,0,buy
1766134405384,ETH-USDT,2969.99,0,buy
1766134405384,ETH-USDT,2969.95,0,buy
1766134405384,ETH-USDT,2969.78,0,buy
1766134405384,ETH-USDT,2969.76,0,buy
1766134405384,ETH-USDT,2969.68,0,buy
1766134405384,ETH-USDT,2969.6,0,buy
1766134405384,ETH-USDT,2969.57,0,buy
1766134405384,ETH-USDT,2969.54,0,buy
1766134405384,ETH-USDT,2969.46,0,buy
1766134405384,ETH-USDT,2969.42,0,buy
1766134405384,ETH-USDT,2969.38,0,buy
1766134405384,ETH-USDT,2969.31,0,buy
1766134405384,ETH-USDT,2969.28,0,buy
1766134405384,ETH-USDT,2969.24,0,buy
1766134405384,ETH-USDT,2969.18,0,buy
1766134405384,ETH-USDT,2969.14,0,buy
1766134405384,ETH-USDT,2969.0,0,buy
1766134405384,ETH-USDT,2968.89,0,buy
1766134405384,ETH-USDT,2968.86,0,buy
1766134405384,ETH-USDT,2968.85,0,buy
1766134405384,ETH-USDT,2968.8,0,buy
1766134405384,ETH-USDT,2968.75,0,buy
1766134405384,ETH-USDT,2968.62,0,buy
1766134405384,ETH-USDT,2968.5,0,buy
1766134405384,ETH-USDT,2968.46,0,buy
1766134405384,ETH-USDT,2968.4,0,buy
1766134405384,ETH-USDT,2968.39,0,buy
1766134405384,ETH-USDT,2968.33,0,buy
1766134405384,ETH-USDT,2968.31,0,buy
1766134405384,ETH-USDT,2968.17,0,buy
1766134405384,ETH-USDT,2968.0,0,buy
1766134405384,ETH-USDT,2967.94,0,buy
1766134405384,ETH-USDT,2967.92,0,buy
1766134405384,ETH-USDT,2967.86,0,buy
1766134405384,ETH-USDT,2967.82,0,buy
1766134405384,ETH-USDT,2967.72,0,buy
1766134405384,ETH-USDT,2967.44,0,buy
1766134405384,ETH-USDT,2967.37,0,buy
1766134405384,ETH-USDT,2967.13,0,buy
1766134405384,ETH-USDT,2967.07,0,buy
1766134405384,ETH-USDT,2966.94,0,buy
1766134405384,ETH-USDT,2966.72,0,buy
1766134405384,ETH-USDT,2966.47,0,buy
1766134405384,ETH-USDT,2966.45,0,buy
1766134405384,ETH-USDT,2966.4,0,buy
1766134405384,ETH-USDT,2966.34,0,buy
1766134405384,ETH-USDT,2966.29,0,buy
1766134405384,ETH-USDT,2965.91,0,buy
1766134405384,ETH-USDT,2965.81,0,buy
1766134405384,ETH-USDT,2965.69,0,buy
1766134405384,ETH-USDT,2965.0,0,buy
1766134403823,ETH-USDT,2965.0,0,buy
1766134403823,ETH-USDT,2964.0,0,buy
1766134402742,ETH-USDT,2960.0,0,sell
1766134402742,ETH-USDT,2960.03,0,sell
1766134402742,ETH-USDT,2960.12,0,sell
1766134402742,ETH-USDT,2960.18,0,sell
1766134402742,ETH-USDT,2960.19,0,sell
1766134402742,ETH-USDT,2960.24,0,sell
1766134402742,ETH-USDT,2960.27,0,sell
1766134402742,ETH-USDT,2960.32,0,sell
1766134402742,ETH-USDT,2960.34,0,sell
1766134402742,ETH-USDT,2960.34,0,sell
1766134402742,ETH-USDT,2960.34,0,sell
1766134402742,ETH-USDT,2960.37,0,sell
1766134402742,ETH-USDT,2960.38,0,sell
1766134402742,ETH-USDT,2960.4,0,sell
1766134402742,ETH-USDT,2960.48,0,sell
1766134402742,ETH-USDT,2960.52,0,sell
1766134402742,ETH-USDT,2960.67,0,sell
1766134402742,ETH-USDT,2960.68,0,sell
1766134402742,ETH-USDT,2960.7,0,sell
1766134402742,ETH-USDT,2960.73,0,sell
1766134402742,ETH-USDT,2960.75,0,sell
1766134402742,ETH-USDT,2960.81,0,sell
1766134402742,ETH-USDT,2960.86,0,sell
1766134402742,ETH-USDT,2960.88,0,sell
1766134402742,ETH-USDT,2960.89,0,sell
1766134402742,ETH-USDT,2960.91,0,sell
1766134402742,ETH-USDT,2960.97,0,sell
1766134402742,ETH-USDT,2960.99,0,sell
1766134402742,ETH-USDT,2961.0,0,sell
1766134402742,ETH-USDT,2961.05,0,sell
1766134402742,ETH-USDT,2961.15,0,sell
1766134402742,ETH-USDT,2961.17,0,sell
1766134402742,ETH-USDT,2961.27,0,sell
1766134402742,ETH-USDT,2961.32,0,sell
1766134402742,ETH-USDT,2961.37,0,sell
1766134402742,ETH-USDT,2961.41,0,sell
1766134402742,ETH-USDT,2961.42,0,sell
1766134402742,ETH-USDT,2961.43,0,sell
1766134402742,ETH-USDT,2961.44,0,sell
1766134402742,ETH-USDT,2961.45,0,sell
1766134402742,ETH-USDT,2961.52,0,sell
1766134402742,ETH-USDT,2961.53,0,sell
1766134402742,ETH-USDT,2961.54,0,sell
1766134402742,ETH-USDT,2961.6,0,sell
1766134402742,ETH-USDT,2961.74,0,sell
1766134402742,ETH-USDT,2961.77,0,sell
1766134402742,ETH-USDT,2961.8,0,sell
1766134402742,ETH-USDT,2961.82,0,sell
1766134402742,ETH-USDT,2961.82,0,sell
1766134402742,ETH-USDT,2961.84,0,sell
1766134402742,ETH-USDT,2961.99,0,sell
1766134402742,ETH-USDT,2962.0,0,sell
1766134402742,ETH-USDT,2962.05,0,sell
1766134402742,ETH-USDT,2962.08,0,sell
1766134402742,ETH-USDT,2962.09,0,sell
1766134402742,ETH-USDT,2962.18,0,sell
1766134402742,ETH-USDT,2962.19,0,sell
1766134402742,ETH-USDT,2962.24,0,sell
1766134402742,ETH-USDT,2962.25,0,sell
1766134402742,ETH-USDT,2962.32,0,sell
1766134402742,ETH-USDT,2962.4,0,sell
1766134402742,ETH-USDT,2962.5,0,sell
1766134402742,ETH-USDT,2962.55,0,sell
1766134402742,ETH-USDT,2962.56,0,sell
1766134402742,ETH-USDT,2962.6,0,sell
1766134402742,ETH-USDT,2962.61,0,sell
1766134402742,ETH-USDT,2962.63,0,sell
1766134402742,ETH-USDT,2962.66,0,sell
1766134402742,ETH-USDT,2962.67,0,sell
1766134402742,ETH-USDT,2962.87,0,sell
1766134402742,ETH-USDT,2962.96,0,sell
1766134402742,ETH-USDT,2962.99,0,sell
1766134402742,ETH-USDT,2963.0,0,sell
1766134402742,ETH-USDT,2963.03,0,sell
1766134402742,ETH-USDT,2963.1,0,sell
1766134402742,ETH-USDT,2963.17,0,sell
1766134402742,ETH-USDT,2963.2,0,sell
1766134402635,ETH-USDT,2963.2,0,sell
1766134402635,ETH-USDT,2963.2,0,sell
1766134402635,ETH-USDT,2963.2,0,sell
1766134402635,ETH-USDT,2963.2,0,sell
1766134402635,ETH-USDT,2963.29,0,sell
1766134402635,ETH-USDT,2963.31,0,sell
1766134402635,ETH-USDT,2963.33,0,sell
1766134402635,ETH-USDT,2963.38,0,sell
1766134402635,ETH-USDT,2963.4,0,sell
1766134402635,ETH-USDT,2963.46,0,sell
1766134402635,ETH-USDT,2963.49,0,sell
1766134402635,ETH-USDT,2963.5,0,sell
1766134402635,ETH-USDT,2963.51,0,sell
1766134402635,ETH-USDT,2963.57,0,sell
1766134402635,ETH-USDT,2963.58,0,sell
1766134402635,ETH-USDT,2963.63,0,sell
1766134402635,ETH-USDT,2963.69,0,sell
1766134402635,ETH-USDT,2963.74,0,sell
1766134402635,ETH-USDT,2963.75,0,sell
1766134402635,ETH-USDT,2963.84,0,sell
1766134402635,ETH-USDT,2963.91,0,sell
1766134402635,ETH-USDT,2963.94,0,sell
1766134402635,ETH-USDT,2963.95,0,sell
1766134402635,ETH-USDT,2964.0,0,sell
1766134402635,ETH-USDT,2964.08,0,sell
1766134402635,ETH-USDT,2964.09,0,sell
1766134401742,ETH-USDT,2964.09,0,sell
1766134401742,ETH-USDT,2964.09,0,sell
1766134401742,ETH-USDT,2964.09,0,sell
1766134401742,ETH-USDT,2964.17,0,sell
1766134401742,ETH-USDT,2964.19,0,sell
1766134401742,ETH-USDT,2964.21,0,sell
1766134401742,ETH-USDT,2964.22,0,sell
1766134401742,ETH-USDT,2964.23,0,sell
1766134401742,ETH-USDT,2964.26,0,sell
1766134401742,ETH-USDT,2964.28,0,sell
1766134401742,ETH-USDT,2964.36,0,sell
1766134401742,ETH-USDT,2964.43,0,sell
1766134401742,ETH-USDT,2964.5,0,sell
1766134401742,ETH-USDT,2964.51,0,sell
1766134401742,ETH-USDT,2964.56,0,sell
1766134401742,ETH-USDT,2964.58,0,sell
1766134401742,ETH-USDT,2964.63,0,sell
1766134401742,ETH-USDT,2964.75,0,sell
1766134401742,ETH-USDT,2964.93,0,sell
1766134401742,ETH-USDT,2965.0,0,sell
1766134401742,ETH-USDT,2965.15,0,sell
1766134401742,ETH-USDT,2965.21,0,sell
1766134401742,ETH-USDT,2965.27,0,sell
1766134401742,ETH-USDT,2965.33,0,sell
1766134401742,ETH-USDT,2965.48,0,sell
1766134401742,ETH-USDT,2965.51,0,sell
1766134401742,ETH-USDT,2965.67,0,sell
1766134401742,ETH-USDT,2965.69,0,sell
1766134401742,ETH-USDT,2965.81,0,sell
1766134401742,ETH-USDT,2965.91,0,sell
1766134401742,ETH-USDT,2965.91,0,sell
1766134401742,ETH-USDT,2966.0,0,sell
1766134401742,ETH-USDT,2966.04,0,sell
1766134401742,ETH-USDT,2966.07,0,sell
1766134401742,ETH-USDT,2966.09,0,sell
1766134401742,ETH-USDT,2966.12,0,sell
1766134401742,ETH-USDT,2966.15,0,sell
1766134401742,ETH-USDT,2966.19,0,sell
1766134401742,ETH-USDT,2966.23,0,sell
1766134401742,ETH-USDT,2966.25,0,sell
1766134401742,ETH-USDT,2966.29,0,sell
1766134401742,ETH-USDT,2966.34,0,sell
1766134401742,ETH-USDT,2966.4,0,sell
1766134401742,ETH-USDT,2966.42,0,sell
1766134401742,ETH-USDT,2966.45,0,sell
1766134401742,ETH-USDT,2966.47,0,sell
1766134401742,ETH-USDT,2966.49,0,sell
1766134401742,ETH-USDT,2966.5,0,sell
1766134401742,ETH-USDT,2966.6,0,sell
1766134401742,ETH-USDT,2966.66,0,sell
1766134401742,ETH-USDT,2966.72,0,sell
1766134401635,ETH-USDT,2966.72,0,sell
1766134401635,ETH-USDT,2966.94,0,sell
1766134401635,ETH-USDT,2967.07,0,sell
1766134401635,ETH-USDT,2967.13,0,sell
1766134401635,ETH-USDT,2967.37,0,sell
1766134401635,ETH-USDT,2967.44,0,sell
1766134401635,ETH-USDT,2967.72,0,sell
1766134401635,ETH-USDT,2967.82,0,sell
1766134401635,ETH-USDT,2967.86,0,sell
1766134401635,ETH-USDT,2967.92,0,sell
1766134401635,ETH-USDT,2967.94,0,sell
1766134401635,ETH-USDT,2968.0,0,sell
1766134401635,ETH-USDT,2968.31,0,sell
1766134401635,ETH-USDT,2968.33,0,sell
1766134401635,ETH-USDT,2968.62,0,sell
1766134401635,ETH-USDT,2968.75,0,sell
1766134401635,ETH-USDT,2968.85,0,sell
1766134401635,ETH-USDT,2968.86,0,sell
1766134401635,ETH-USDT,2968.98,0,sell
1766134401635,ETH-USDT,2969.0,0,sell
1766134401635,ETH-USDT,2969.05,0,sell
1766134401635,ETH-USDT,2969.28,0,sell
1766134401635,ETH-USDT,2969.28,0,sell
1766134401635,ETH-USDT,2969.28,0,sell
1766134401635,ETH-USDT,2969.28,0,sell
1766134401635,ETH-USDT,2969.54,0,sell
1766134401576,ETH-USDT,2975.0,0,buy
1766134401491,ETH-USDT,2975.0,0,buy
1766134401491,ETH-USDT,2975.0,0,buy
1766134401489,ETH-USDT,2975.0,0,buy
1766134401489,ETH-USDT,2975.0,0,buy
1766134401489,ETH-USDT,2975.0,0,buy
1766134401489,ETH-USDT,2975.0,0,buy
1766134401489,ETH-USDT,2975.0,0,buy
1766134401484,ETH-USDT,2975.0,0,buy
1766134401484,ETH-USDT,2975.0,0,buy
1766134401484,ETH-USDT,2975.0,0,buy
1766134401484,ETH-USDT,2975.0,0,buy
1766134401484,ETH-USDT,2975.0,0,buy
1766134401484,ETH-USDT,2974.86,0,buy
1766134401351,ETH-USDT,2969.28,0,sell
1766134401351,ETH-USDT,2969.54,0,sell
1766134401351,ETH-USDT,2970.0,0,sell
1766134401350,ETH-USDT,2975.0,0,buy
1766134401349,ETH-USDT,2975.0,0,buy
1766134401348,ETH-USDT,2975.0,0,buy
1766134401347,ETH-USDT,2975.0,0,buy
1766134401346,ETH-USDT,2975.0,0,buy
1766134401345,ETH-USDT,2975.0,0,buy
1766134401345,ETH-USDT,2975.0,0,buy
1766134401345,ETH-USDT,2975.0,0,buy
1766134401328,ETH-USDT,2975.0,0,buy
1766134401328,ETH-USDT,2974.99,0,buy
1766134401328,ETH-USDT,2974.97,0,buy
1766134401328,ETH-USDT,2974.94,0,buy
1766134401328,ETH-USDT,2974.89,0,buy
1766134401328,ETH-USDT,2974.88,0,buy
1766134401328,ETH-USDT,2974.86,0,buy
1766134401328,ETH-USDT,2974.84,0,buy
1766134401328,ETH-USDT,2974.81,0,buy
1766134401328,ETH-USDT,2974.8,0,buy
1766134401328,ETH-USDT,2974.75,0,buy
1766134401328,ETH-USDT,2974.7,0,buy
1766134401328,ETH-USDT,2974.68,0,buy
1766134401328,ETH-USDT,2974.66,0,buy
1766134401328,ETH-USDT,2974.64,0,buy
1766134401328,ETH-USDT,2974.62,0,buy
1766134401328,ETH-USDT,2974.61,0,buy
1766134401328,ETH-USDT,2974.54,0,buy
1766134401328,ETH-USDT,2974.52,0,buy
1766134401328,ETH-USDT,2974.5,0,buy
1766134401328,ETH-USDT,2974.49,0,buy
1766134401328,ETH-USDT,2974.48,0,buy
1766134401328,ETH-USDT,2974.42,0,buy
1766134401328,ETH-USDT,2974.41,0,buy
1766134401328,ETH-USDT,2974.4,0,buy
1766134401328,ETH-USDT,2974.39,0,buy
1766134401328,ETH-USDT,2974.37,0,buy
1766134401328,ETH-USDT,2974.35,0,buy
1766134401328,ETH-USDT,2974.31,0,buy
1766134401328,ETH-USDT,2974.3,0,buy
1766134401328,ETH-USDT,2974.28,0,buy
1766134401328,ETH-USDT,2974.23,0,buy
1766134401328,ETH-USDT,2974.2,0,buy
1766134401328,ETH-USDT,2974.19,0,buy
1766134401328,ETH-USDT,2974.17,0,buy
1766134401328,ETH-USDT,2974.16,0,buy
1766134401328,ETH-USDT,2974.13,0,buy
1766134401328,ETH-USDT,2974.11,0,buy
1766134401328,ETH-USDT,2974.01,0,buy
1766134401328,ETH-USDT,2974.0,0,buy
1766134401328,ETH-USDT,2973.99,0,buy
1766134401328,ETH-USDT,2973.94,0,buy
1766134401328,ETH-USDT,2973.91,0,buy
1766134401328,ETH-USDT,2973.84,0,buy
1766134401328,ETH-USDT,2973.83,0,buy
1766134401328,ETH-USDT,2973.78,0,buy
1766134401328,ETH-USDT,2973.75,0,buy
1766134401328,ETH-USDT,2973.74,0,buy
1766134401328,ETH-USDT,2973.69,0,buy
1766134401328,ETH-USDT,2973.68,0,buy
1766134401328,ETH-USDT,2973.6,0,buy
1766134401328,ETH-USDT,2973.59,0,buy
1766134401328,ETH-USDT,2973.53,0,buy
1766134401328,ETH-USDT,2973.5,0,buy
1766134401328,ETH-USDT,2973.49,0,buy
1766134401328,ETH-USDT,2973.41,0,buy
1766134401328,ETH-USDT,2973.33,0,buy
1766134401328,ETH-USDT,2973.32,0,buy
1766134401328,ETH-USDT,2973.28,0,buy
1766134401328,ETH-USDT,2973.27,0,buy
1766134401328,ETH-USDT,2973.25,0,buy
1766134401328,ETH-USDT,2973.24,0,buy
1766134401328,ETH-USDT,2973.21,0,buy
1766134401328,ETH-USDT,2973.17,0,buy
1766134401328,ETH-USDT,2973.16,0,buy
1766134401328,ETH-USDT,2973.13,0,buy
1766134401328,ETH-USDT,2973.11,0,buy
1766134401328,ETH-USDT,2973.05,0,buy
1766134401328,ETH-USDT,2973.03,0,buy
1766134401328,ETH-USDT,2973.01,0,buy
1766134401328,ETH-USDT,2973.0,0,buy
1766134401328,ETH-USDT,2972.99,0,buy
1766134401328,ETH-USDT,2972.97,0,buy
1766134401328,ETH-USDT,2972.94,0,buy
1766134401328,ETH-USDT,2972.86,0,buy
1766134401328,ETH-USDT,2972.81,0,buy
1766134401328,ETH-USDT,2972.77,0,buy
1766134401328,ETH-USDT,2972.76,0,buy
1766134401328,ETH-USDT,2972.75,0,buy
1766134401328,ETH-USDT,2972.72,0,buy
1766134401328,ETH-USDT,2972.71,0,buy
1766134401328,ETH-USDT,2972.7,0,buy
1766134401328,ETH-USDT,2972.68,0,buy
1766134401328,ETH-USDT,2972.66,0,buy
1766134401328,ETH-USDT,2972.65,0,buy
1766134401328,ETH-USDT,2972.63,0,buy
1766134401328,ETH-USDT,2972.61,0,buy
1766134401328,ETH-USDT,2972.58,0,buy
1766134401328,ETH-USDT,2972.56,0,buy
1766134401328,ETH-USDT,2972.55,0,buy
1766134401328,ETH-USDT,2972.54,0,buy
1766134401328,ETH-USDT,2972.52,0,buy
1766134401328,ETH-USDT,2972.5,0,buy
1766134401328,ETH-USDT,2972.47,0,buy
1766134401328,ETH-USDT,2972.46,0,buy
1766134401328,ETH-USDT,2972.45,0,buy
1766134401328,ETH-USDT,2972.43,0,buy
1766134401328,ETH-USDT,2972.41,0,buy
1766134401328,ETH-USDT,2972.4,0,buy
1766134401328,ETH-USDT,2972.38,0,buy
1766134401328,ETH-USDT,2972.28,0,buy
1766134401328,ETH-USDT,2972.23,0,buy
1766134401328,ETH-USDT,2972.22,0,buy
1766134401328,ETH-USDT,2972.21,0,buy
1766134401328,ETH-USDT,2972.2,0,buy
1766134401328,ETH-USDT,2972.11,0,buy
1766134401328,ETH-USDT,2972.06,0,buy
1766134401328,ETH-USDT,2972.0,0,buy
1766134401328,ETH-USDT,2971.98,0,buy
1766134401328,ETH-USDT,2971.94,0,buy
1766134401328,ETH-USDT,2971.91,0,buy
1766134401328,ETH-USDT,2971.9,0,buy
1766134401328,ETH-USDT,2971.89,0,buy
1766134401328,ETH-USDT,2971.8,0,buy
1766134401328,ETH-USDT,2971.76,0,buy
1766134401328,ETH-USDT,2971.73,0,buy
1766134401328,ETH-USDT,2971.67,0,buy
1766134401328,ETH-USDT,2971.66,0,buy
1766134401328,ETH-USDT,2971.62,0,buy
1766134401328,ETH-USDT,2971.57,0,buy
1766134401328,ETH-USDT,2971.54,0,buy
1766134401328,ETH-USDT,2971.51,0,buy
1766134401328,ETH-USDT,2971.5,0,buy
1766134401328,ETH-USDT,2971.49,0,buy
1766134401328,ETH-USDT,2971.48,0,buy
1766134401328,ETH-USDT,2971.47,0,buy
1766134401328,ETH-USDT,2971.45,0,buy
1766134401328,ETH-USDT,2971.42,0,buy
1766134401328,ETH-USDT,2971.41,0,buy
1766134401328,ETH-USDT,2971.38,0,buy
1766134401328,ETH-USDT,2971.37,0,buy
1766134401328,ETH-USDT,2971.31,0,buy
1766134401328,ETH-USDT,2971.3,0,buy
1766134401328,ETH-USDT,2971.29,0,buy
1766134401328,ETH-USDT,2971.26,0,buy
1766134401328,ETH-USDT,2971.25,0,buy
1766134401328,ETH-USDT,2971.24,0,buy
1766134401328,ETH-USDT,2971.23,0,buy
1766134401328,ETH-USDT,2971.21,0,buy
1766134401328,ETH-USDT,2971.2,0,buy
1766134401328,ETH-USDT,2971.16,0,buy
1766134401328,ETH-USDT,2971.15,0,buy
1766134401328,ETH-USDT,2971.14,0,buy
1766134401328,ETH-USDT,2971.13,0,buy
1766134401328,ETH-USDT,2971.09,0,buy
1766134401328,ETH-USDT,2971.07,0,buy
1766134401328,ETH-USDT,2971.06,0,buy
1766134401328,ETH-USDT,2971.05,0,buy
1766134401328,ETH-USDT,2971.03,0,buy
1766134401328,ETH-USDT,2971.02,0,buy
1766134401328,ETH-USDT,2971.01,0,buy
1766134401328,ETH-USDT,2971.0,0,buy
1766134401328,ETH-USDT,2970.96,0,buy
1766134401328,ETH-USDT,2970.94,0,buy
1766134401328,ETH-USDT,2970.93,0,buy
1766134401328,ETH-USDT,2970.91,0,buy
1766134401328,ETH-USDT,2970.88,0,buy
1766134401328,ETH-USDT,2970.84,0,buy
1766134401328,ETH-USDT,2970.83,0,buy
1766134401328,ETH-USDT,2970.77,0,buy
1766134401328,ETH-USDT,2970.75,0,buy
1766134401328,ETH-USDT,2970.73,0,buy
1766134401328,ETH-USDT,2970.72,0,buy
1766134401328,ETH-USDT,2970.71,0,buy
1766134401328,ETH-USDT,2970.66,0,buy
1766134401328,ETH-USDT,2970.62,0,buy
1766134401328,ETH-USDT,2970.61,0,buy
1766134401328,ETH-USDT,2970.6,0,buy
1766134401328,ETH-USDT,2970.58,0,buy
1766134401328,ETH-USDT,2970.56,0,buy
1766134401328,ETH-USDT,2970.44,0,buy
1766134401328,ETH-USDT,2970.4,0,buy
1766134401328,ETH-USDT,2970.37,0,buy
1766134401328,ETH-USDT,2970.29,0,buy
1766134401328,ETH-USDT,2970.27,0,buy
1766134401328,ETH-USDT,2970.26,0,buy
1766134401328,ETH-USDT,2970.25,0,buy
1766134401328,ETH-USDT,2970.22,0,buy
1766134401328,ETH-USDT,2970.21,0,buy
1766134401328,ETH-USDT,2970.2,0,buy
1766134401328,ETH-USDT,2970.17,0,buy
1766134401328,ETH-USDT,2970.14,0,buy
1766134401328,ETH-USDT,2970.13,0,buy
1766134401328,ETH-USDT,2970.1,0,buy
1766134401328,ETH-USDT,2970.09,0,buy
1766134401328,ETH-USDT,2970.05,0,buy
1766134401328,ETH-USDT,2970.02,0,buy
1766134401328,ETH-USDT,2970.0,0,buy
1766134401328,ETH-USDT,2969.99,0,buy
1766134401328,ETH-USDT,2969.95,0,buy
1766134401328,ETH-USDT,2969.93,0,buy
1766134401328,ETH-USDT,2969.84,0,buy
1766134401328,ETH-USDT,2969.78,0,buy
1766134401328,ETH-USDT,2969.76,0,buy
1766134401328,ETH-USDT,2969.75,0,buy
1766134401328,ETH-USDT,2969.73,0,buy
1766134401328,ETH-USDT,2969.72,0,buy
1766134401328,ETH-USDT,2969.69,0,buy
1766134401328,ETH-USDT,2969.68,0,buy
1766134401328,ETH-USDT,2969.66,0,buy
1766134401328,ETH-USDT,2969.6,0,buy
1766134401328,ETH-USDT,2969.59,0,buy
1766134401328,ETH-USDT,2969.57,0,buy
1766134401328,ETH-USDT,2969.55,0,buy
1766134401328,ETH-USDT,2969.54,0,buy
1766134401328,ETH-USDT,2969.53,0,buy
1766134401328,ETH-USDT,2969.5,0,buy
1766134401328,ETH-USDT,2969.48,0,buy
1766134401328,ETH-USDT,2969.46,0,buy
1766134401328,ETH-USDT,2969.45,0,buy
1766134401328,ETH-USDT,2969.44,0,buy
1766134401328,ETH-USDT,2969.43,0,buy
1766134401328,ETH-USDT,2969.42,0,buy
1766134401328,ETH-USDT,2969.38,0,buy
1766134401328,ETH-USDT,2969.31,0,buy
1766134401328,ETH-USDT,2969.29,0,buy
1766134401328,ETH-USDT,2969.28,0,buy
1766134401328,ETH-USDT,2969.27,0,buy
1766134401328,ETH-USDT,2969.24,0,buy
1766134401328,ETH-USDT,2969.23,0,buy
1766134401328,ETH-USDT,2969.2,0,buy
1766134401328,ETH-USDT,2969.19,0,buy
1766134401328,ETH-USDT,2969.18,0,buy
1766134401328,ETH-USDT,2969.14,0,buy
1766134401328,ETH-USDT,2969.09,0,buy
1766134401328,ETH-USDT,2969.04,0,buy
1766134401328,ETH-USDT,2969.01,0,buy
1766134401328,ETH-USDT,2969.0,0,buy
1766134401328,ETH-USDT,2968.97,0,buy
1766134401328,ETH-USDT,2968.94,0,buy
1766134401328,ETH-USDT,2968.91,0,buy
1766134401328,ETH-USDT,2968.89,0,buy
1766134401328,ETH-USDT,2968.88,0,buy
1766134401328,ETH-USDT,2968.86,0,buy
1766134401328,ETH-USDT,2968.85,0,buy
1766134401328,ETH-USDT,2968.8,0,buy
1766134401328,ETH-USDT,2968.75,0,buy
1766134401328,ETH-USDT,2968.74,0,buy
1766134401328,ETH-USDT,2968.66,0,buy
1766134401328,ETH-USDT,2968.62,0,buy
1766134401328,ETH-USDT,2968.6,0,buy
1766134401328,ETH-USDT,2968.56,0,buy
1766134401328,ETH-USDT,2968.5,0,buy
1766134401328,ETH-USDT,2968.46,0,buy
1766134401328,ETH-USDT,2968.45,0,buy
1766134401328,ETH-USDT,2968.42,0,buy
1766134401328,ETH-USDT,2968.4,0,buy
1766134401328,ETH-USDT,2968.39,0,buy
1766134401328,ETH-USDT,2968.38,0,buy
1766134401328,ETH-USDT,2968.36,0,buy
1766134401328,ETH-USDT,2968.33,0,buy
1766134401328,ETH-USDT,2968.31,0,buy
1766134401328,ETH-USDT,2968.27,0,buy
1766134401328,ETH-USDT,2968.23,0,buy
1766134401328,ETH-USDT,2968.17,0,buy
1766134401328,ETH-USDT,2968.14,0,buy
1766134401328,ETH-USDT,2968.13,0,buy
1766134401328,ETH-USDT,2968.09,0,buy
1766134401328,ETH-USDT,2968.0,0,buy
1766134401328,ETH-USDT,2967.94,0,buy
1766134401328,ETH-USDT,2967.92,0,buy
1766134401328,ETH-USDT,2967.89,0,buy
1766134401328,ETH-USDT,2967.86,0,buy
1766134401328,ETH-USDT,2967.82,0,buy
1766134401328,ETH-USDT,2967.74,0,buy
1766134401328,ETH-USDT,2967.72,0,buy
1766134401328,ETH-USDT,2967.67,0,buy
1766134401328,ETH-USDT,2967.66,0,buy
1766134401328,ETH-USDT,2967.65,0,buy
1766134401328,ETH-USDT,2967.64,0,buy
1766134401328,ETH-USDT,2967.59,0,buy
1766134401328,ETH-USDT,2967.55,0,buy
1766134401328,ETH-USDT,2967.54,0,buy
1766134401328,ETH-USDT,2967.5,0,buy
1766134401328,ETH-USDT,2967.48,0,buy
1766134401328,ETH-USDT,2967.44,0,buy
1766134401328,ETH-USDT,2967.37,0,buy
1766134401328,ETH-USDT,2967.34,0,buy
1766134401328,ETH-USDT,2967.27,0,buy
1766134401328,ETH-USDT,2967.22,0,buy
1766134401328,ETH-USDT,2967.2,0,buy
1766134401328,ETH-USDT,2967.13,0,buy
1766134401328,ETH-USDT,2967.07,0,buy
1766134401328,ETH-USDT,2967.05,0,buy
1766134401328,ETH-USDT,2966.94,0,buy
1766134401328,ETH-USDT,2966.9,0,buy
1766134401328,ETH-USDT,2966.84,0,buy
1766134401328,ETH-USDT,2966.8,0,buy
1766134401328,ETH-USDT,2966.72,0,buy
1766134401328,ETH-USDT,2966.67,0,buy
1766134401328,ETH-USDT,2966.66,0,buy
1766134401328,ETH-USDT,2966.61,0,buy
1766134401328,ETH-USDT,2966.6,0,buy
1766134401328,ETH-USDT,2966.59,0,buy
1766134401328,ETH-USDT,2966.57,0,buy
1766134401328,ETH-USDT,2966.5,0,buy
1766134401328,ETH-USDT,2966.49,0,buy
1766134401328,ETH-USDT,2966.47,0,buy
1766134401328,ETH-USDT,2966.45,0,buy
1766134401328,ETH-USDT,2966.44,0,buy
1766134401328,ETH-USDT,2966.42,0,buy
1766134401328,ETH-USDT,2966.4,0,buy
1766134401328,ETH-USDT,2966.34,0,buy
1766134401328,ETH-USDT,2966.29,0,buy
1766134401328,ETH-USDT,2966.25,0,buy
1766134401328,ETH-USDT,2966.23,0,buy
1766134401328,ETH-USDT,2966.22,0,buy
1766134401328,ETH-USDT,2966.19,0,buy
1766134401328,ETH-USDT,2966.16,0,buy
1766134401328,ETH-USDT,2966.15,0,buy
1766134401328,ETH-USDT,2966.14,0,buy
1766134401328,ETH-USDT,2966.12,0,buy
1766134401328,ETH-USDT,2966.09,0,buy
1766134401328,ETH-USDT,2966.04,0,buy
1766134401328,ETH-USDT,2966.0,0,buy
1766134401328,ETH-USDT,2965.91,0,buy
1766134401328,ETH-USDT,2965.88,0,buy
1766134401328,ETH-USDT,2965.85,0,buy
1766134401328,ETH-USDT,2965.84,0,buy
1766134401328,ETH-USDT,2965.81,0,buy
1766134401328,ETH-USDT,2965.77,0,buy
1766134401328,ETH-USDT,2965.71,0,buy
1766134401328,ETH-USDT,2965.69,0,buy
1766134401328,ETH-USDT,2965.67,0,buy
1766134401328,ETH-USDT,2965.6,0,buy
1766134401328,ETH-USDT,2965.51,0,buy
1766134401328,ETH-USDT,2965.45,0,buy
1766134401328,ETH-USDT,2965.33,0,buy
1766134401328,ETH-USDT,2965.27,0,buy
1766134401328,ETH-USDT,2965.21,0,buy
1766134401328,ETH-USDT,2965.15,0,buy
1766134401328,ETH-USDT,2965.0,0,buy
1766134401328,ETH-USDT,2964.99,0,buy
1766134401328,ETH-USDT,2964.93,0,buy
1766134401328,ETH-USDT,2964.77,0,buy
1766134401328,ETH-USDT,2964.75,0,buy
1766134401328,ETH-USDT,2964.72,0,buy
1766134401328,ETH-USDT,2964.7,0,buy
1766134401328,ETH-USDT,2964.63,0,buy
1766134401328,ETH-USDT,2964.58,0,buy
1766134401328,ETH-USDT,2964.56,0,buy
1766134401328,ETH-USDT,2964.51,0,buy
1766134401328,ETH-USDT,2964.5,0,buy
1766134401328,ETH-USDT,2964.43,0,buy
1766134401328,ETH-USDT,2964.38,0,buy
1766134401328,ETH-USDT,2964.36,0,buy
1766134401328,ETH-USDT,2964.3,0,buy
1766134401328,ETH-USDT,2964.28,0,buy
1766134401328,ETH-USDT,2964.26,0,buy
1766134401328,ETH-USDT,2964.23,0,buy
1766134401328,ETH-USDT,2964.22,0,buy
1766134401328,ETH-USDT,2964.21,0,buy
1766134401328,ETH-USDT,2964.19,0,buy
1766134401328,ETH-USDT,2964.17,0,buy
1766134401328,ETH-USDT,2964.09,0,buy
1766134401328,ETH-USDT,2964.08,0,buy
1766134401328,ETH-USDT,2964.0,0,buy
1766134401328,ETH-USDT,2963.95,0,buy
1766134401328,ETH-USDT,2963.94,0,buy
1766134401328,ETH-USDT,2963.91,0,buy
1766134401328,ETH-USDT,2963.84,0,buy
1766134401328,ETH-USDT,2963.75,0,buy
1766134401328,ETH-USDT,2963.74,0,buy
1766134401328,ETH-USDT,2963.69,0,buy
1766134401328,ETH-USDT,2963.63,0,buy
1766134401328,ETH-USDT,2963.58,0,buy
1766134401328,ETH-USDT,2963.57,0,buy
1766134401328,ETH-USDT,2963.56,0,buy
1766134401328,ETH-USDT,2963.51,0,buy
1766134401328,ETH-USDT,2963.5,0,buy
1766134401328,ETH-USDT,2963.49,0,buy
1766134401328,ETH-USDT,2963.46,0,buy
1766134401328,ETH-USDT,2963.4,0,buy
1766134401328,ETH-USDT,2963.38,0,buy
1766134401328,ETH-USDT,2963.33,0,buy
1766134401328,ETH-USDT,2963.31,0,buy
1766134401328,ETH-USDT,2963.29,0,buy
1766134401328,ETH-USDT,2963.2,0,buy
1766134401328,ETH-USDT,2963.17,0,buy
1766134401328,ETH-USDT,2963.03,0,buy
1766134401328,ETH-USDT,2963.0,0,buy
1766134401328,ETH-USDT,2962.99,0,buy
1766134401328,ETH-USDT,2962.96,0,buy
1766134401328,ETH-USDT,2962.87,0,buy
1766134401328,ETH-USDT,2962.67,0,buy
1766134401328,ETH-USDT,2962.66,0,buy
1766134401328,ETH-USDT,2962.63,0,buy
1766134401328,ETH-USDT,2962.6,0,buy
1766134401328,ETH-USDT,2962.55,0,buy
1766134401328,ETH-USDT,2962.5,0,buy
1766134401328,ETH-USDT,2962.4,0,buy
1766134401328,ETH-USDT,2962.25,0,buy
1766134401328,ETH-USDT,2962.24,0,buy
1766134401328,ETH-USDT,2962.19,0,buy
1766134401328,ETH-USDT,2962.18,0,buy
1766134401328,ETH-USDT,2962.09,0,buy
1766134401328,ETH-USDT,2962.08,0,buy
1766134401328,ETH-USDT,2962.05,0,buy
1766134401328,ETH-USDT,2962.0,0,buy
1766134401328,ETH-USDT,2961.99,0,buy
1766134401328,ETH-USDT,2961.84,0,buy
